4860 5970
1206 294 1246 359 21

1309 498 1527 565 Eusebianum
1550 510 1693 586 tempus:
1784 502 1906 567 Verum
1929 516 2073 591 tempus:

282 616 327 693 0.
350 614 507 713 Pompei
533 616 719 688 theatrum
748 614 942 687 incensum
965 674 971 683 .
990 671 996 683 .
1016 673 1021 684 .
1041 674 1046 683 .
1066 672 1071 685 .
1091 675 1097 685 .
1116 674 1122 685 .
1141 674 1147 684 .
1166 675 1172 685 .
1191 674 1197 685 .
1217 675 1222 686 .
1242 674 1248 685 .
1267 612 1716 705 .Α1)1.2037,01.200,2.
1825 682 1835 703 ,
1857 619 1904 690 22
1919 642 1953 716 p.
1968 617 2007 693 C.

283 750 327 821 A.
355 745 526 819 Tiberius
550 741 714 815 Drusum
744 756 958 817 consortem
986 743 1091 837 regni
1118 743 1278 817 facit...
1391 746 1499 827 2038,
1514 742 1667 835 01200,
1683 748 1714 818 3.
1857 748 1914 826 22.

285 880 330 950 Α.
356 873 501 947 Drusus
527 870 666 945 Caesar
691 897 840 944 veneno
868 871 964 967 perit
991 930 1272 943 ............
1384 874 1493 963 2039,
1508 870 1564 945 01.
1581 875 1666 963 200,
1682 882 1713 945 l.
1855 876 1912 947 23.

281 1007 325 1079 Α.
352 1002 459 1121 Multi
494 994 709 1173 sensatorum
752 1014 790 1083 et
824 1001 989 1097 equitum
1022 997 1279 1073 Romanorum
1381 1002 1491 1090 2052,
1507 999 1564 1075 01.
1580 1003 1711 1092 204,1.
1853 1006 1911 1078 36.

450 1117 548 1176 inter
566 1115 647 1174 ectr.

281 1238 325 1310 A.
354 1232 533 1309 Claudius
560 1230 606 1304 de
633 1228 810 1304 Brittanis
838 1228 1082 1327 triumphavit
1114 1288 1271 1300 .......
1383 1230 1492 1321 2060,
1509 1228 1567 1303 Ol.
1584 1232 1667 1322 206,
1685 1235 1717 1304 1.
1853 1236 1912 1307 44.

288 1364 332 1440 O.
360 1362 461 1437 Nero
487 1358 631 1433 Rornae
664 1359 701 1431 in
737 1358 1011 1431 citharistarum
1046 1382 1166 1456 agone
1198 1382 1283 1430 eon·
1386 1359 1495 1451 2029,
1510 1357 1567 1433 01.
1585 1362 1667 1449 210,
1682 1368 1715 1433 t.
1854 1368 1914 1437 61.
2025 1432 2036 1451 ,

443 1461 602 1536 tendens
629 1473 784 1533 cunctos
810 1472 971 1557 superat.

283 1596 327 1672 O.
356 1591 515 1667 Rursum
548 1586 647 1661 Nero
681 1587 836 1661 lsthrnia
872 1584 1010 1686 Pythia
1045 1586 1155 1659 Actia
1186 1587 1279 1661 cele·
1383 1588 1491 1680 2082,
1507 1586 1563 1661 Ol.
1580 1591 1663 1681 211,
1679 1594 1711 1663 3.
1740 1616 1786 1662 m.
1815 1592 1985 1690 Augusto
2014 1594 2074 1667 vel

447 1693 561 1765 brans
580 1691 677 1763 inter
697 1713 861 1786 cerycas,
885 1684 1088 1785 tragoedos
1109 1686 1276 1762 61611116-
1756 1688 1965 1790 Septembri
1993 1696 2050 1767 62.

446 1796 557 1866 ristas
581 1802 793 1865 coronatur.

281 1930 323 1999 A.
351 1922 608 2019 Vespasianus
647 1932 737 2013 aput
773 1914 948 1988 ludaeam
990 1916 1193 2014 imperator
1233 1918 1279 1990 ab
1384 1921 1493 2008 2085,
1507 1915 1563 1992 Ol.
1581 1920 1664 2012 212,
1679 1922 1712 1992 2.
1740 1920 1774 1993 d.
1801 1923 1834 1994 1.
1862 1921 1943 1994 lulii
1971 1924 2030 2005 69.

439 2020 605 2093 exercitu
633 2017 851 2115 appellatus.

280 2157 323 2225 A.
351 2150 735 2322 Coloplsuscexppletus,
779 2145 922 2217 habens
967 2144 1173 2219 altitudinis
1214 2171 1275 2242 pe.
1379 2148 1488 2239 2091,
1503 2148 1660 2239 01213,
1675 2156 1709 2222 l.
1851 2153 1909 2224 75.

476 2275 516 2323 68
639 2303 648 2319 .

284 2385 329 2455 A.
356 2377 465 2453 Mons
485 2375 674 2449 Vesuvius
691 2386 823 2473 ruptus
851 2373 888 2446 in
911 2374 1051 2447 vertice
1070 2385 1213 2446 tantum
1235 2398 1283 2446 ex
1385 2375 1494 2466 2095,
1509 2373 1567 2447 01.
1583 2376 1666 2468 214,
1680 2379 1715 2449 4.
1742 2378 1776 2451 d.
1792 2378 1850 2452 24.
1866 2381 2023 2478 Augusti
2038 2383 2093 2455 79.

439 2506 478 2553 se
502 2478 588 2551 ieeit
615 2475 787 2565 incendii,
815 2488 854 2547 ut
882 2475 1055 2573 regiones
1081 2474 1223 2548 vicinas
1251 2487 1288 2548 et

437 2580 550 2654 urbes
577 2603 662 2651 eum
688 2575 903 2649 hominibus
931 2585 1115 2648 exureret.

278 2714 323 2783 A.
354 2702 1295 2804 Romaeplurirnaeaedesineendioconcremant-ur.
1393 2705 1501 2793 2096,
1519 2702 1725 2796 01.215,1.
1865 2714 1925 2782 80.
2080 2786 2085 2794 ,

279 2838 323 2912 0.
352 2834 556 2910 Domitiani
592 2858 688 2906 uxor
720 2834 890 2928 Augusta
921 2831 1130 2927 appellatur
1149 2890 1280 2901 ......
1391 2832 1500 2923 2097,
1515 2832 1572 2906 01.
1590 2836 1672 2922 215,
1688 2836 1721 2907 2.
1865 2838 1924 2909 82.

279 2965 323 3041 0.
350 2964 587 3038 Domitianus
614 2960 752 3033 multos
769 2958 950 3032 nobilium
978 2955 1150 3055 perdidit,
1184 2982 1291 3054 quos·
1394 2961 1501 3051 2109,
1517 2960 1573 3035 Ol.
1591 2964 1675 3055 218,
1691 2965 1723 3037 2.
1863 2969 1922 3042 95,

447 3065 533 3137 darn
560 3087 651 3136 vero
680 3060 779 3133 etin
809 3060 961 3132 exilium
989 3058 1098 3131 misit.

279 3197 322 3268 A.
351 3192 511 3267 Deereto
541 3201 694 3265 senatus
720 3186 845 3261 Nerva
871 3190 908 3259 in
936 3187 1029 3260 deos
1055 3188 1273 3259 relatus...
1385 3190 1493 3281 2114,
1508 3188 1565 3262 01.
1580 3192 1664 3283 219,
1679 3196 1713 3265 3.
1741 3194 1891 3268 ineunte
1917 3220 1947 3268 a.
1976 3198 2035 3270 98.

279 3324 323 3393 A.
350 3318 796 3415 ludaeisMesopotamiae
805 3314 1073 3388 rebellantibus
1087 3313 1277 3411 praecepit
1378 3317 1487 3410 2131,
1506 3314 1564 3391 01.
1580 3319 1662 3411 223,
1674 3320 1710 3392 4.
1824 3325 1909 3400 115.

437 3418 620 3493 Traianus
638 3420 839 3534 imperator
852 3415 985 3532 lysiae
1006 3413 1162 3532 (Aopalp)
1182 3412 1268 3503 Qui·

437 3534 511 3613 eto,
538 3535 579 3593 ut
605 3544 671 3593 eos
697 3543 891 3617 provincia
918 3527 1195 3590 exterminaret.

275 3652 321 3724 A.
348 3648 587 3739 Salaminam,
611 3647 742 3720 urbem
777 3643 900 3745 Cypri,
932 3645 1138 3717 interfectis
1166 3645 1202 3716 in
1231 3669 1276 3715 ea
1329 3686 1333 3693 ·
1378 3646 1486 3736 2132,
1501 3643 1559 3719 01.
1577 3648 1660 3739 224,
1677 3652 1708 3722 l.
1823 3654 1907 3724 116.

435 3750 636 3849 gentilibus
664 3748 882 3821 subvertere
911 3742 1047 3818 ludaei.

277 3880 323 3953 A.
351 3878 510 3952 Senatus
536 3876 737 3949 Traianum
765 3877 802 3947 in
830 3873 922 3947 deos
950 3875 1063 3946 refert
1087 3933 1267 3945 ........
1380 3874 1488 3965 2134,
1501 3872 1558 3947 01.
1575 3876 1658 3967 224,
1674 3882 1707 3951 3.
1825 3881 1906 3952 118.

276 4006 321 4079 A.
349 4006 475 4085 ludaei
499 4006 536 4076 in
558 4030 662 4075 anna
678 4004 777 4075 versi
791 3999 1042 4075 Palaestinam
1062 4001 1108 4074 de
1137 4000 1276 4096 opulati
1379 4001 1487 4095 2118,
1502 4000 1559 4075 Ol.
1575 4005 1708 4096 228,1.
1736 4030 1784 4079 rn.
1812 4004 1944 4081 Martio
1973 4008 2054 4081 132.

440 4120 531 4179 'sunt
549 4115 701 4176 tenente
719 4102 951 4199 provinciam
966 4100 1074 4174 Tinio
1094 4026 1193 4175 llbfo
1214 4102 1272 4174 eui

444 4206 491 4278 ad
538 4201 805 4303 opprimendos
852 4202 1011 4277 rebelles
1061 4200 1272 4275 Hadrianus

443 4307 542 4379 misit
570 4304 786 4378 exereitum.

273 4438 318 4511 A.
347 4410 576 4512 Commodus
595 4434 798 4531 imperator
822 4430 957 4505 colossi
986 4432 1106 4527 eapite
1126 4431 1273 4503 sublato
1376 4432 1486 4522 2205,
1500 4430 1557 4505 01.
1573 4432 1656 4523 242,
1671 4436 1704 4505 2.
1823 4436 1903 4507 189.

441 4560 530 4608 8666
546 4533 718 4629 imaginis
732 4544 844 4628 eaput
856 4532 889 4603 ei
903 4532 1011 4605 iussit
1024 4532 1176 4628 imponi.

273 4662 317 4738 Ο.
346 4664 522 4738 lneendio
542 4661 684 4735 Rornae
702 4662 801 4733 facto
817 4660 995 4757 palatium
1014 4674 1052 4731 et
1074 4659 1186 4735 aedes
1199 4658 1268 4733 Ve·
1372 4662 1480 4751 2202,
1496 4660 1554 4733 01.
1570 4664 1653 4751 242,
1668 4663 1703 4733 4.
1821 4666 1903 4741 192.

441 4764 757 4861 staeplurimaque
766 4760 1049 4857 urbisparssolo
1060 4773 1296 4857 coaequatur.

490 4990 745 5089 Quadraginta
782 4989 891 5063 unius
928 5002 1233 5085 argumentorum
1269 5015 1316 5063 ex
1351 5002 1432 5064 toto
1473 5015 1588 5086 nsque
1624 4990 1669 5061 ad
1705 4990 1938 5067 Pertinacem
1971 4995 2152 5091 temporis

272 5123 390 5217 spatio
419 5122 479 5195 hie
507 5121 730 5195 selectorum
757 5120 878 5195 maior
904 5144 1006 5215 pars,
1041 5117 1078 5191 id
1116 5134 1172 5192 ast
1198 5118 1330 5217 viginti
1365 5132 1552 5216 quattuor,
1587 5118 1761 5194 distincta
1796 5146 1841 5195 ea
1874 5122 1980 5195 litera
2013 5122 2067 5213 A,
2102 5124 2150 5197 ab

270 5251 376 5321 annis
404 5249 607 5321 Abrahami
637 5248 801 5346 pendent
835 5261 872 5321 et
904 5248 951 5319 ab
979 5244 1264 5346 Olympiadibus
1295 5247 1462 5320 bissexte
1497 5246 1638 5319 Iuliana
1666 5248 1898 5346 signantibus
1933 5274 2027 5347 quae
2065 5275 2149 5324 cum

269 5379 341 5450 illis
368 5393 597 5469 congruunt:
625 5400 718 5475 quae
746 5392 846 5451 recte
874 5376 1057 5450 collocata
1085 5400 1166 5449 esse
1186 5374 1391 5474 apparebit,
1418 5374 1506 5447 dmn
1526 5378 1562 5448 in
1592 5377 1823 5475 temporibus
1841 5406 1872 5451 6.
1892 5378 1932 5449 (¹.
1951 5406 1970 5449 6
1992 5404 2149 5453 numero
