4860 5970
1198 243 1236 306 17

272 457 426 553 quisquc
455 480 574 527 annus
604 452 838 552 Olympiadis
873 452 1126 549 Aegyptiacae
1163 451 1295 547 impari
1329 474 1485 522 numero
1521 450 1690 545 signatae
1724 452 1864 547 primus
1897 477 2017 527 annus
2045 454 2157 527 etiam

275 583 511 657 octaeteridis
548 593 635 654 erat.
687 578 747 653 Ex
786 606 850 672 eo,
883 579 984 677 quod
1018 580 1145 650 lunam
1177 579 1367 676 propriam
1403 579 1473 651 sibi
1508 578 1634 651 sedem
1662 580 1700 650 in
1736 579 1879 651 Cancro
1915 581 2084 654 obtinere
2119 594 2157 655 et

277 711 364 784 inde
393 735 565 784 exorsum
591 709 699 807 sigua
724 709 883 783 transire
911 731 1088 804 expresse
1116 721 1280 803 urgetur,
1317 710 1405 778 anni
1433 708 1569 801 magni,
1597 731 1670 803 quo
1705 708 1814 779 lunae
1843 722 1881 780 et
1906 709 1996 782 solis
2025 734 2156 784 cursus

276 840 323 913 ad
350 840 446 912 idem
475 837 573 911 unde
603 838 784 929 exierant,
811 837 991 933 temporis
1018 848 1198 932 punctum
1216 834 1365 924 rediret,
1393 835 1551 937 instituti
1571 836 1713 908 initium
1734 836 1945 909 necessaria
1962 860 2157 934 argumen-

274 969 414 1041 tatione
444 968 589 1063 cogitur
613 966 728 1039 t'uisse
754 966 934 1063 temporis
962 976 1141 1062 punctum
1177 962 1360 1037 eiusmodi
1397 988 1470 1058 quo
1507 963 1774 1037 cumlunasol
1802 965 1936 1061 etipse
1955 966 2156 1039 stationem

274 1098 312 1169 in
340 1095 484 1169 Cancro
513 1095 680 1184 haberet,
706 1095 827 1167 idest
853 1093 1064 1183 solstitium,
1100 1103 1143 1165 ut
1175 1092 1213 1163 in
1249 1092 1446 1189 primitivis
1472 1089 1651 1163 Eleorum
1679 1089 1976 1191 Olympiadibus.
2034 1092 2154 1169 Porro

274 1224 341 1299 has
361 1225 612 1323 Aegyptiacus
631 1220 874 1321 Olympiadas
896 1221 1068 1319 genuinis
1086 1245 1165 1292 non
1193 1221 1343 1317 aequari
1363 1218 1559 1318 Synccllus
1589 1244 1660 1292 nos
1687 1220 1815 1294 docet:
1842 1223 1916 1297 iarn
1943 1248 2026 1297 cum
2053 1247 2156 1296 men·

275 1356 326 1427 sis
354 1378 375 1423 a
402 1377 474 1449 quo
502 1364 679 1448 utraeque
716 1349 914 1445 incipiunt,
948 1348 1048 1421 idem
1075 1348 1138 1440 sit,
1168 1372 1246 1420 non
1278 1361 1402 1444 potest
1428 1371 1505 1419 non
1540 1372 1660 1421 annus
1695 1348 1790 1420 initii
1824 1349 1994 1424 diversus
2026 1350 2153 1424 fuisse.

274 1480 331 1553 De
366 1493 535 1553 veterum
570 1478 841 1581 Aegyptiorum
878 1475 1103 1552 octaeteride
1136 1477 1264 1551 nescio
1300 1501 1373 1574 qua
1404 1500 1488 1549 curu
1527 1475 1683 1573 cogitari
1725 1477 1876 1551 omnino
1911 1504 1987 1551 non
2022 1481 2156 1576 possit»

277 1607 541 1681 octaetcridem
570 1605 735 1702 intellegi
762 1616 848 1680 ante
880 1606 1062 1677 circulum
1096 1606 1265 1679 lunarem
1298 1603 1617 1677 undevicenorum
1652 1630 1836 1679 annorum
1867 1631 1936 1679 usu
1964 1620 2156 1704 receptum

277 1735 323 1807 ab
351 1735 544 1831 Aegyptiis
571 1733 791 1807 Christianis
819 1732 865 1805 ad
892 1733 1028 1807 festum
1057 1732 1230 1831 paschale
1258 1733 1534 1828 computatione
1562 1732 1752 1830 figendum
1779 1732 1983 1808 adhibitam
2010 1734 2056 1808 de
2083 1760 2156 1833 qus

200 1934 204 1943 ,
276 1861 462 1934 edolanda
487 1860 703 1959 Dionysius,
731 1861 928 1957 episcopus
955 1860 1244 1952 Alexandrinus,
1280 1861 1434 1933 summis
1466 1860 1528 1933 ille
1563 1860 1609 1932 ab
1635 1858 1799 1933 Eusebio
1825 1861 1997 1936 laudibus
2024 1864 2156 1955 elatus,

276 1991 415 2085 optime
443 1989 612 2084 inprimis
637 1990 792 2089 meruit,
826 1990 905 2062 veri
939 2004 995 2062 est
1030 1990 1268 2063 simillimum.
1331 1987 1388 2061 De
1424 1987 1667 2061 adornatione
1700 2001 1740 2061 ut
1780 2013 2018 2085 quaeramus,
2059 1991 2156 2066 bene

275 2118 364 2189 fecit
401 2114 597 2208 Eusebius,
634 2115 734 2215 quod
769 2118 807 2189 in
842 2116 937 2191 Hist.
974 2119 1058 2191 cccl.
1086 2116 1159 2209 Vll,
1185 2118 1233 2189 20
1266 2115 1304 2187 id
1335 2116 1529 2188 minimum
1570 2141 1640 2189 nos
1674 2116 1803 2194 docuit
1841 2118 2008 2214 regulam
2040 2119 2153 2193 fuisse

278 2244 365 2318 huic
395 2243 623 2337 octaeteridi,
649 2261 691 2317 ut
715 2269 763 2317 ne
791 2257 876 2318 ante
904 2271 1060 2329 vernum
1089 2244 1364 2342 aequinoctium
1392 2243 1532 2340 paseha
1555 2243 1753 2333 inciderem
1791 2244 1836 2316 de
1864 2246 1969 2318 initio
1997 2271 2044 2319 ex
2070 2248 2155 2321 loeo

277 2397 384 2472 quem
416 2372 597 2444 memoria
624 2372 703 2445 eius
729 2374 783 2469 rei
809 2374 906 2471 apud
934 2371 1137 2451 Eusebium
1166 2372 1321 2463 obtinet,
1349 2370 1386 2442 id
1420 2397 1535 2443 unum
1571 2384 1670 2445 certe
1705 2373 1879 2469 colligere
1913 2374 2000 2448 licet
2034 2385 2154 2449 oetae-

275 2499 433 2573 tcridem
461 2497 730 2600 Dionysianam
757 2514 978 2599 tempestate
998 2500 1157 2576 Gallieni
1176 2514 1279 2598 patre
1306 2520 1414 2596 capto
1443 2500 1558 2572 solius
1586 2501 1800 2595 imperantis
1826 2500 2033 2575 institutam
2061 2528 2155 2576 esse.

277 2630 370 2703 Cum
398 2631 436 2701 in
456 2629 679 2701 Anneniaco
698 2627 850 2703 Eusebii
870 2631 1043 2726 exemplo
1070 2631 1211 2725 primus
1239 2655 1358 2702 annus
1376 2627 1598 2701 Diocletiani
1618 2654 1701 2699 cum
1722 2627 1943 2735 Olympiade
1964 2628 2155 2703 CCLXVll

277 2757 507 2851 compositus
534 2757 755 2847 inveniatur,
779 2756 983 2829 secundum
1012 2783 1056 2829 ea
1083 2784 1176 2853 quae
1200 2783 1313 2855 supra
1339 2757 1526 2854 disputata
1552 2772 1656 2847 sunt,
1683 2782 1704 2828 a
1732 2758 1891 2830 solstitio
1911 2783 1942 2830 a.
1963 2761 2033 2829 284
2053 2784 2155 2831 nova

278 2884 475 2955 octaeteris
501 2882 678 2978 inceperit
705 2908 858 2957 necesse
887 2900 952 2956 est.
1005 2884 1172 2971 Quodsi
1199 2900 1300 2958 recte
1328 2886 1535 2980 posuimus,
1562 2886 1720 2957 efficitur
1746 2886 1890 2958 initium
1919 2886 2155 2961 octaetcridis

278 3008 531 3109 Dionysianae
558 3008 732 3082 incidisse
758 3012 795 3082 in
824 3011 1022 3084 solstitium
1050 3010 1138 3083 anni
1166 3012 1237 3084 260
1265 3014 1324 3109 qui
1353 3010 1510 3087 Gallieni
1536 3014 1651 3087 solius
1678 3014 1895 3110 imperantis
1924 3029 1981 3088 est
2002 3016 2155 3111 primus.

278 3137 398 3229 Quam
427 3138 622 3237 Syncellus
650 3137 857 3235 descripsit,
885 3140 1082 3212 octahteris
1108 3141 1147 3213 iu
1174 3140 1253 3213 sole
1280 3166 1302 3212 a
1329 3140 1470 3213 Iuliana
1507 3140 1727 3214 delinitione
1766 3168 1838 3237 qua
1864 3167 1963 3215 anno
1996 3144 2158 3216 vertenti

278 3268 358 3341 dies
378 3266 571 3340 CCCLXV
598 3292 682 3339 cum
709 3267 914 3367 quadrante
942 3268 1166 3359 tribuuntur,
1193 3268 1449 3365 proficiscitur,
1476 3269 1513 3341 in
1541 3270 1629 3341 luna
1657 3270 1817 3341 mediam
1845 3268 2030 3367 quandam
2059 3273 2157 3345 inter

279 3394 506 3491 Callippeam
547 3410 584 3467 et
612 3394 887 3493 Hipparcheam
922 3421 1137 3469 mensuram
1172 3398 1337 3495 sequitur
1375 3424 1447 3495 qua
1486 3398 1625 3471 mensis
1664 3398 1842 3471 naturalis
1881 3413 2031 3497 putatur
2072 3426 2154 3473 esse

278 3521 422 3595 dierum
450 3520 612 3594 XXVllll
639 3521 816 3595 horarum
842 3520 904 3594 Xll
931 3525 1156 3599 minutarum
1179 3520 1300 3597 XLllll
1327 3550 1411 3598 cum
1440 3525 1652 3623 quadrante.
1693 3525 1850 3599 XCVllll
1876 3527 1987 3601 huius
2013 3528 2155 3602 moduli

277 3676 427 3725 menses
453 3652 603 3725 lunares
630 3650 711 3724 dies
736 3649 1073 3727 thDCCCCXXll
1098 3667 1189 3751 quot
1207 3654 1417 3727 efficiuntur
1435 3654 1619 3727 solaribus
1639 3655 1745 3727 anuis
1764 3670 1861 3748 octo,
1887 3681 1965 3729 non
1984 3669 2155 3755 aequant,

280 3779 595 3877 quemadmodum
615 3780 652 3853 in
672 3776 835 3879 Syncelli
854 3779 1174 3856 demonstratione
1194 3783 1387 3856 brevitatis
1406 3809 1518 3856 causa
1537 3782 1674 3857 dictum
1694 3800 1762 3875 est,
1789 3784 1855 3857 sed
1874 3786 1951 3857 lere
1978 3797 2154 3882 aequant:

280 3908 447 3982 efficiunt
475 3910 573 3980 enim
601 3907 680 3981 dies
706 3906 1055 3985 MMDCCCCXXlll
1081 3911 1194 3986 horas
1211 3909 1287 3984 Xlll
1314 3913 1539 3984 minutarum
1567 3912 1791 4009 quadrantes
1818 3928 1902 3987 tres.
1937 3913 2044 4003 Quod
2071 3914 2155 3987 reli·

280 4062 389 4108 cuum
417 4049 535 4108 restat
570 4036 643 4108 diei
669 4036 683 4107 l
710 4036 884 4109 horarum
910 4036 986 4111 Xlll
1020 4042 1244 4113 minutarum
1281 4030 1557 4138 quadrantium
1577 4043 1706 4131 trium,
1738 4068 1821 4113 eum
1855 4034 2071 4116 imdevicies
2098 4067 2155 4113 re·

281 4164 435 4260 petitum
464 4166 501 4238 in
529 4164 608 4237 dies
634 4160 795 4235 XXVllll
823 4165 934 4240 horas
962 4166 1023 4239 Vll
1051 4171 1211 4243 minutas
1236 4166 1326 4241 Xllll
1350 4196 1433 4242 cum
1463 4168 1666 4267 quadrante
1688 4182 1879 4267 assurgat,
1914 4186 1955 4243 ut
1981 4171 2153 4267 aequatio

279 4318 362 4365 cum
397 4318 495 4366 anno
532 4292 643 4368 solari
677 4295 909 4388 restituatur,
941 4322 1016 4371 uno
1055 4322 1184 4371 mense
1210 4298 1420 4371 intercalari
1456 4300 1594 4373 omisso
1630 4325 1724 4395 opus
1760 4313 1830 4371 est:
1870 4300 1993 4395 itaque
2024 4288 2154 4375 hirnus

277 4423 397 4494 maior
435 4448 617 4495 annorum
656 4423 882 4497 vertentium
912 4422 998 4498 CLll
1038 4426 1086 4498 ad
1126 4426 1382 4525 corrigendam
1416 4427 1597 4501 eiusmodi
1638 4426 1902 4501 octaetcridem
1935 4441 1991 4501 est
2027 4453 2154 4502 neces·

278 4552 406 4625 sarius.
486 4549 583 4625 Usus
627 4542 863 4625 octa'eteridis
913 4576 957 4625 ea
1000 4554 1145 4628 ratione
1191 4580 1258 4654 per
1302 4555 1760 4629 enneacaedecaeterideru
1812 4558 1916 4653 quasi
1969 4558 2152 4631 coercitae

279 4704 354 4751 non
383 4691 529 4776 poterat
556 4704 630 4751 non
659 4692 791 4777 sponte
818 4682 1013 4754 transitum
1042 4708 1172 4779 parare
1200 4683 1414 4757 admoram
1444 4684 1912 4759 enneacaedecadteridem-
1937 4687 1973 4758 in
2002 4711 2074 4782 qua
2099 4687 2153 4759 in·

279 4807 449 4880 ducenda
485 4810 563 4905 ipse
590 4806 774 4883 Eusebius
810 4811 977 4907 inprimis
1012 4811 1202 4887 lahorasse
1227 4813 1395 4886 traditur.
1449 4814 1507 4885 Ab
1537 4830 1757 4886 octonorum
1786 4840 1967 4886 annorum
1997 4816 2152 4889 circuitu

279 4936 325 5007 ad
355 4936 672 5010 undevicenorum
700 4964 882 5010 antrorum
912 4940 1103 5012 circuitum
1138 4942 1324 5015 saltuatim
1360 4941 1550 5013 transiisse
1584 4940 1782 5014 Christiani
1816 4970 1860 5015 co
1895 4945 2018 5015 minus
2051 4943 2152 5017 credi

278 5080 446 5159 possunt,
474 5064 572 5162 quod
600 5083 732 5161 postca
758 5094 903 5165 quoque
928 5072 1115 5141 communi
1143 5072 1179 5142 in
1208 5095 1278 5142 usu
1305 5081 1403 5159 crat,
1443 5084 1482 5140 ut
1516 5070 1552 5140 iu
1589 5070 1798 5167 ogdoadem
1827 5086 1864 5144 et
1896 5072 2150 5145 hendecadem

278 5191 443 5287 singulae
472 5195 912 5269 enneacaedecacteridcs
940 5196 1294 5289 ‹lissolverenma⁴¹)
1346 5195 1450 5283 Quae
1486 5221 1567 5269 euru
1598 5199 1647 5269 ita
1681 5202 1765 5289 sint,
1795 5202 1884 5272 satis
1919 5218 2058 5273 eertum
2095 5216 2152 5274 est

285 5322 657 5335 ——-—-.——-

447 5366 476 5443 ¹)
499 5364 595 5435 Cous.
624 5368 741 5449 ldelcr,
764 5368 895 5436 Handh.
919 5374 950 5437 d.
977 5376 1128 5440 Clu-onol.
1151 5375 1196 5447 ll,
1221 5380 1292 5439 2:st

1976 5496 1997 5557 3
