4860 5970
775 2038 852 2119 DE
884 2034 1205 2119 TEMPORUM
1235 2034 1401 2119 NOTIS
1431 2036 1635 2123 QUIBUS

562 2241 836 2323 EUSEBIUS
868 2240 1083 2322 UTI'lUR
1113 2240 1174 2321 IN
1206 2236 1511 2324 CHRONICIS
1544 2240 1875 2339 CANONIBUS‚

1095 2496 1335 2555 DISPUTAVIT

841 2724 1140 2805 ALFREDUS
1172 2728 1211 2805 Α
1241 2722 1587 2805 GUTSCHMID.

273 3022 362 3149 De
386 3086 595 3169 temporum
631 3074 730 3145 notis
766 3072 899 3169 quibus
937 3070 1120 3144 Eusebius
1148 3072 1262 3143 utitur
1295 3072 1333 3143 in
1368 3070 1562 3147 Chronieis
1596 3072 1822 3161 Curionibus,
1858 3101 1941 3149 cum
1977 3076 2021 3148 iis
2054 3100 2148 3171 quac

273 3200 371 3298 apud
406 3228 474 3273 nos
507 3228 576 3273 usu
607 3216 779 3298 recept-ae
814 3216 916 3291 sunt,
953 3200 1069 3299 probe
1106 3198 1366 3297 comparandis
1399 3203 1566 3297 quaestio
1601 3228 1683 3273 cum
1712 3204 1759 3274 sit
1794 3204 1981 3292 intricata,
2018 3228 2062 3274 ca
2096 3216 2152 3275 cst

275 3355 384 3423 <luam
404 3330 555 3403 tandem
577 3330 775 3425 aliquando
793 3329 839 3401 ad
858 3328 1035 3427 liquidum
1056 3328 1209 3425 perduci
1224 3330 1377 3401 omnino
1396 3332 1644 3403 necessarium
1666 3332 1730 3402 sit:
1759 3332 1863 3401 cuias
1883 3329 2151 3427 expediendae,

276 3482 359 3527 cum
388 3458 461 3527 iam
490 3456 675 3529 scribendi
703 3458 812 3531 nobis
839 3458 1008 3555 praebita
1036 3460 1083 3529 sit
1114 3456 1273 3547 occasio,
1300 3458 1503 3555 perieulum
1532 3459 1719 3529 faciemus.

442 3586 541 3657 Anni
569 3586 615 3657 ad
643 3612 800 3682 quorum
827 3612 998 3659 normam
1027 3584 1210 3659 Eusebius
1238 3610 1349 3658 omne
1375 3563 1523 3683 tempus
1551 3587 1676 3681 exegit
1704 3612 1869 3682 quosque
1906 3588 1983 3683 ipse
2012 3588 2152 3683 primus

274 3714 512 3811 excogitavit,
549 3739 570 3785 a
603 3732 690 3787 nato
719 3714 935 3787 Abrahamo
972 3728 1226 3787 numerantur.
1286 3712 1430 3803 Quibus
1466 3714 1572 3786 annis
1604 3734 1645 3785 ut.
1671 3732 1770 3786 reete
1808 3734 1966 3805 utamur,
2004 3716 2050 3787 ad
2083 3718 2154 3789 tria

275 3840 541 3913 attendendum
571 3854 637 3919 est.
675 3843 835 3938 primum
863 3842 910 3914 ad
948 3839 1263 3942 Olympiadas
1296 3868 1389 3939 quae
1423 3870 1506 3915 eum
1543 3846 1649 3915 annis
1686 3844 1888 3915 Abrahami
1924 3846 2153 3940 compositae

276 3970 535 4057 inveniuntur,
567 3968 702 4041 deinde
740 3968 786 4040 ad
827 3970 911 4041 fila
953 3996 1046 4067 quae
1079 3969 1235 4043 dicimus
1274 3996 1524 4069 regnorum
1565 3974 1867 4069 praecipuorum,
1908 3972 2065 4069 denique
2106 3972 2153 4045 ad

277 4099 481 4191 spatium
511 4096 609 4193 quod
637 4110 793 4169 vocatur
818 4068 951 4173 histo
959 4100 1165 4191 ricumst')
1230 4098 1309 4171 lam
1335 4096 1600 4199 Olympiadum
1630 4126 1723 4197 quae
1750 4100 1920 4175 condicio
1956 4102 2014 4187 sit,
2046 4128 2153 4199 quae·

277 4227 398 4295 stione
427 4224 576 4296 dcnmm
605 4224 732 4297 habita
759 4228 936 4322 cognosci
962 4228 1111 4325 poterit,
1139 4242 1177 4301 et
1203 4227 1290 4325 quia
1305 4224 1558 4327 Hieronymus
1587 4254 1649 4301 eas
1677 4228 1782 4301 aliter
1802 4254 1885 4299 cum
1912 4232 2018 4303 annis
2038 4230 2154 4303 Abra·

277 4352 378 4423 hami
405 4354 606 4449 componit,
634 4354 740 4425 alitor
767 4356 970 4428 translator
997 4358 1216 4446 Armenius,
1250 4370 1288 4429 et
1314 4356 1400 4453 quia
1423 4352 1689 4454 Olympiodoro
1716 4358 1905 4455 utriusque
1933 4372 2155 4457 tempestate

278 4482 459 4553 memoria
491 4495 676 4555 vetustate
705 4483 904 4557 obliterata
932 4510 954 4555 a
979 4485 1068 4558 viris
1098 4485 1220 4559 doctis
1246 4486 1298 4559 ita
1323 4484 1401 4557 sere
1429 4484 1719 4575 instaurabatur,
1743 4502 1784 4557 ut
1811 4488 2000 4583 proprium
2029 4512 2155 4559 earum

446 4746 477 4812 ⁸)
501 4738 591 4802 Haec
612 4740 689 4823 quid
712 4741 771 4805 sibi
795 4742 904 4817 velint,
926 4742 1059 4807 definire
1082 4742 1215 4829 longum
1236 4754 1302 4819 est;
1324 4754 1493 4807 notamen
1515 4744 1570 4826 qui
1594 4742 1636 4803 ab
1659 4743 1707 4804 his
1723 4742 1838 4805 studiis
1862 4743 2046 4807 remotiores
2068 4756 2155 4819 sunt,

279 4842 319 4903 ad
343 4843 445 4925 ipsum
476 4844 567 4925 quasi
598 4844 694 4907 limen
724 4844 903 4921 ostendant,
930 4846 1049 4932 placuit
1072 4870 1139 4911 rem
1162 4848 1393 4933 diagrammate
1415 4844 1577 4910 illustrare
1599 4846 1639 4908 ab
1661 4846 1752 4910 initio
1777 4846 2033 4911 Eusebianorum
2049 4848 2157 4913 Cano-

283 4968 359 5007 mun
384 4945 496 5029 petito:

302 5052 393 5112 Anni
417 5050 592 5116 Abrabam.
681 5054 902 5138 Assyriorum.
958 5054 1193 5121 Hebraeorum.
1236 5056 1394 5140 Sicyonis.
1500 5055 1653 5139 Aegypti.
1780 5054 1883 5119 Ninus
1909 5056 2051 5119 condidit
2079 5057 2159 5121 eivi-

491 5160 516 5223 1.
723 5160 797 5223 n'ini
819 5160 872 5225 43.
970 5158 1179 5225 Abrahaml.
1222 5158 1424 5243 Europis22.
1449 5160 1672 5223 Thebaeorum
1698 5162 1727 5225 l.
1781 5174 1877 5223 tatem
1901 5160 2022 5225 Ninum
2048 5164 2080 5225 iu
2105 5184 2158 5226 re·

1052 5298 1125 5362 Fila
1146 5320 1331 5383 regnorum,
1782 5270 1878 5347 gione
1902 5268 2121 5349 Assyriorum.

1785 5350 2158 5393 —q--d

1784 5408 1930 5493 Spatium
1955 5406 2155 5471 historicum.
