4846 5976
1204 272 1245 335 14

437 477 539 550 Haec
575 477 703 549 tabula
735 477 907 574 inspecta
944 476 1113 551 declarat
1155 477 1204 551 ad
1239 480 1527 554 describendum
1563 484 1723 579 spatium
1757 510 1779 555 a
1814 481 1930 556 Decio
1966 510 2082 583 usque
2118 487 2165 558 ad

270 605 537 680 Numerianum
564 606 611 677 ab
630 604 795 678 Eusebio
815 605 977 678 indicem
1006 605 1214 679 adhibitum
1238 634 1321 681 esse
1348 610 1409 704 qui
1435 620 1607 706 tempora
1633 613 1776 708 imperii
1811 614 1862 683 ita
1890 612 2106 704 definiebat,
2132 629 2175 688 ut

269 736 377 808 annis
404 736 672 832 imperatorum
700 733 857 808 adderet
884 759 1054 822 menses;
1081 735 1113 808 is
1141 734 1256 808 index
1283 761 1434 809 menses
1461 763 1536 833 quo
1561 736 1738 812 Claudius
1773 760 1810 811 et
1843 767 1917 837 quo
1944 742 2172 833 Aurelianus

204 876 208 886 '
268 865 426 961 imperio
454 864 561 961 potiti
589 875 687 954 sunt,
714 864 812 936 inter
839 889 880 937 se
909 877 1209 936 commutaverat
1243 876 1281 937 ct
1298 863 1337 936 id
1355 865 1467 937 etiam
1487 866 1647 963 amplius
1661 881 1893 963 peceaverat,
1921 867 2023 965 quod
2042 895 2164 945 annus

269 995 331 1091 qui
358 996 457 1065 inter
483 992 707 1097 seditionem
734 993 782 1065 ab
809 993 1023 1065 Aemiliano
1048 991 1230 1066 adversus
1248 990 1397 1067 Gallum
1422 1020 1467 1066 m.
1486 992 1678 1111 Maiolueu
1698 1012 1926 1070 commotam
1954 1013 1993 1070 et
2009 1011 2172 1072 mortem

269 1124 468 1196 Aemiliani
503 1120 767 1219 Valerianique
800 1122 991 1220 singulare
1017 1122 1216 1219 imperium
1249 1147 1298 1197 m.
1332 1120 1432 1196 Maio
1463 1124 1535 1195 254
1568 1124 1798 1217 intercessit,
1832 1126 1889 1198 bis
1924 1139 2163 1223 computatus

268 1264 358 1341 erat,
393 1253 492 1324 etin
521 1250 617 1326 Galli
653 1263 690 1324 et
724 1252 762 1323 in
791 1248 984 1323 Valeriani
1019 1252 1138 1341 annis,
1175 1262 1213 1322 et
1256 1276 1330 1349 quo
1364 1265 1554 1326 constaret
1588 1252 1695 1346 ratio,
1729 1253 1926 1349 imperium
1953 1253 2059 1329 Decii
2086 1282 2165 1330 uno

268 1407 368 1454 anno
396 1379 630 1453 decurtatum
658 1392 746 1454 erat
797 1377 894 1451 Eum
921 1377 1095 1469 indicem,
1123 1380 1271 1454 mendis
1297 1379 1472 1454 videlicet
1499 1407 1576 1453 non
1604 1382 1820 1474 immunem,
1848 1380 2033 1456 Eusebius
2060 1409 2165 1458 men·

268 1510 372 1583 sibus
399 1510 532 1607 partim
561 1508 728 1600 abiectis,
755 1508 891 1605 partim
919 1533 988 1606 pro
1016 1534 1116 1581 anno
1143 1486 1349 1583 numeratis
1376 1510 1412 1582 in
1442 1508 1607 1584 Canonis
1641 1509 1823 1607 quadrum
1859 1509 2023 1609 redegit,
2056 1526 2096 1586 et
2130 1514 2170 1587 id

268 1638 418 1735 quidem
446 1637 643 1710 emendate
671 1651 708 1710 et
734 1648 952 1711 constanter
979 1637 1113 1712 fecisse
1140 1636 1352 1711 censendus
1380 1650 1451 1730 est,
1480 1639 1593 1711 modo
1620 1639 1719 1712 fixos
1754 1641 1816 1737 qui
1849 1654 2050 1734 vocantur,
2079 1645 2165 1718 Ale·

266 1767 537 1840 xandrinorum
565 1792 685 1840 annos
712 1793 734 1838 a
761 1766 821 1839 die
848 1769 882 1841 1.
896 1765 1022 1840 Thoth
1047 1767 1267 1865 incipientes
1287 1768 1439 1841 calculis
1467 1768 1621 1841 subesse
1649 1794 1785 1865 ponas;
1812 1795 1900 1842 nam
1919 1771 2020 1868 quod
2041 1771 2159 1846 Taciti

269 1896 310 1967 et
332 1894 496 1969 Floriani
523 1896 765 1993 imperiorum
789 1897 961 1969 brevium
985 1921 1055 1969 nec
1083 1920 1254 1969 seorsum
1282 1896 1320 1969 in
1347 1897 1475 1969 album
1507 1874 1923 1971 relatorummemoria
1949 1925 2015 1998 pro
2043 1901 2163 1997 primo

267 2051 367 2098 anno
394 2023 509 2098 Probi
538 2024 586 2097 ad
610 2026 782 2098 ultimum
809 2025 1001 2098 Aureliani
1029 2024 1217 2122 adscripta
1245 2037 1317 2116 est,
1354 2036 1396 2098 ut
1421 2025 1509 2097 alibi
1537 2025 1743 2122 scripturae
1772 2029 1897 2123 potius
1924 2052 2035 2126 quarn
2062 2055 2162 2103 com·

266 2153 471 2252 putationis
504 2153 756 2250 discrepantia
782 2164 847 2226 est.
907 2152 950 2225 Id
974 2152 1100 2247 {unum
1133 2179 1214 2227 rem
1250 2154 1483 2250 comprobat,
1517 2153 1617 2252 quod
1653 2153 1701 2226 Vl
1738 2157 1930 2230 mensibus
1964 2156 2083 2232 Taciti
2121 2171 2158 2233 et

267 2283 393 2380 paullo
435 2284 518 2380 plus
558 2282 706 2356 duobus
746 2284 939 2356 mensibus
971 2283 1137 2357 Floriani
1177 2280 1293 2356 Probi
1333 2308 1415 2356 ann.
1450 2282 1501 2354 Vl
1537 2307 1688 2356 menses
1721 2283 1775 2357 llll
1814 2286 1866 2358 ita
1901 2285 1950 2358 ad
1988 2290 2168 2361 amussim

268 2412 514 2508 complentur,
542 2426 582 2485 ut
609 2413 794 2509 septennii
822 2411 923 2510 quod
950 2413 1037 2485 huic
1065 2413 1246 2485 tributum
1275 2426 1344 2503 est,
1379 2412 1475 2484 ratio
1505 2413 1623 2508 probe
1656 2414 1867 2487 conveniat.
1926 2414 2028 2523 Inter
2054 2415 2166 2490 Com·

265 2541 419 2613 modum
448 2553 556 2639 atque
584 2539 741 2615 Decium
765 2567 844 2615 non
870 2542 994 2615 minus
1018 2542 1182 2615 triennio
1208 2540 1419 2615 redundat:
1454 2542 1562 2637 pauci
1590 2541 1689 2613 enirn
1717 2568 1810 2639 quos
1838 2541 2016 2616 Pertinax
2048 2545 2165 2619 rebus

265 2670 407 2768 potitus
435 2681 501 2758 est,
530 2696 678 2744 menses
706 2671 815 2744 solidi
844 2672 932 2743 anni
967 2671 1049 2744 vice
1077 2671 1304 2768 funguntur3
1340 2669 1475 2742 deinde
1513 2670 1705 2743 Antonino
1739 2669 1952 2745 Caracallae
1985 2674 2049 2769 qui
2082 2675 2159 2746 iam

267 2813 352 2896 post
379 2800 536 2871 alterum
564 2800 610 2870 ab
638 2800 816 2873 inchoato
844 2800 1004 2896 septimo
1032 2799 1179 2896 imperii
1206 2825 1307 2871 anno
1335 2823 1501 2871 mensem
1531 2799 1697 2894 perierit,
1726 2799 1828 2871 nulla
1855 2801 1999 2873 ratione
2024 2801 2157 2876 habita

266 2930 323 3001 sui
349 2927 516 3003 Macrino
544 2954 690 3026 quoque
718 2929 805 3001 anni
834 2931 1003 3002 concessi
1030 2929 1167 3027 integri
1194 2940 1340 3024 septem
1370 2929 1457 3000 anni
1490 2927 1567 2999 dati
1598 2940 1704 3015 sunt;
1740 2926 1901 3025 denique
1936 2931 2158 3024 gravissime

266 3056 483 3151 dissentitur
510 3058 546 3129 in
578 3052 749 3154 Philippo
777 3058 837 3154 qui
866 3082 952 3130 cum
978 3083 1019 3129 re
1043 3083 1133 3130 vera
1158 3083 1236 3130 non
1263 3058 1506 3154 imperaverit
1532 3056 1602 3129 nisi
1632 3082 1750 3129 annos
1780 3055 1813 3127 V
1843 3083 1993 3131 menses
2025 3056 2082 3150 Vl,
2108 3060 2156 3131 ab

265 3183 429 3258 Eusebio
457 3187 642 3283 integrum
669 3190 906 3282 septennium
935 3199 972 3259 et
998 3188 1076 3281 ipse
1104 3187 1309 3282 imperasse
1336 3185 1500 3282 fingitur.
1544 3165 1598 3275 E'a
1623 3211 1675 3276 re,
1704 3211 1786 3259 cum
1814 3208 1860 3256 ex
1888 3186 2157 3260 Alexandrino·

264 3339 346 3386 rum
374 3315 580 3387 rationibus
609 3313 803 3412 Philippus
836 3316 963 3410 utique
999 3340 1127 3388 mense
1161 3313 1287 3386 Thoth
1320 3316 1408 3386 anni
1441 3316 1588 3411 imperii
1621 3315 1769 3411 septimi
1802 3315 1995 3406 interierit,
2030 3315 2154 3388 denuo

264 3443 522 3515 Alexandrina
545 3444 642 3517 illius
670 3442 804 3517 indicis
831 3445 937 3540 origo
967 3434 1269 3517 manilestissime
1296 3443 1500 3517 indicatur:
1529 3445 1633 3516 cuius
1661 3443 1793 3515 indicis
1830 3443 1865 3515 in
1903 3444 2162 3540 superioribus

265 3598 411 3670 quoque
444 3573 626 3668 capitibus
652 3573 697 3644 ab
727 3599 885 3646 excessu
913 3571 1112 3646 Commodi
1141 3599 1185 3645 ea
1220 3585 1277 3645 est
1301 3572 1510 3662 adornatio,
1544 3584 1584 3643 ut
1612 3591 1771 3669 excepta
1798 3575 1891 3644 mira
1918 3573 1981 3644 illa
2010 3573 2164 3644 triennii
2219 3596 2222 3601 ·

263 3703 551 3799 interpolatione
580 3728 663 3774 cum
691 3702 1036 3774 Alexandrinorum
1065 3701 1273 3774 rationibus
1309 3726 1461 3796 prorsus
1502 3714 1695 3796 congruat.
1756 3681 1937 3784 Faciam
1974 3701 2169 3774 exstitisse

261 3830 449 3928 quondam
478 3829 822 3904 Alexandrinorum
851 3832 1005 3904 annales
1034 3832 1096 3927 qui
1124 3832 1160 3902 in
1189 3830 1374 3902 mortibus
1395 3827 1601 3901 Pertinacis
1621 3827 1833 3900 Caracallae
1855 3826 2015 3926 Philippi
2042 3830 2160 3901 finem

262 3959 444 4033 tacerent:
486 3960 619 4055 quibus
657 3960 686 4032 si
723 3986 838 4032 unum
872 3974 909 4033 et
942 3960 1000 4032 bis
1035 3972 1213 4056 septenos
1245 3983 1366 4031 annos
1402 3957 1706 4052 adscripsissent,
1742 3957 1947 4029 secundum
1991 3983 2035 4030 ea
2064 3982 2164 4053 quae

261 4114 373 4184 supra
393 4089 600 4190 docuimus.
628 4115 706 4161 rem
726 4089 903 4161 fecissent
917 4110 1048 4185 ‘aptam
1070 4103 1106 4160 et
1134 4100 1449 4169 consentaneam
1478 4100 1515 4158 et
1542 4089 1666 4183 possis
1694 4112 1784 4159 sane
1813 4089 1977 4184 cogitare
2004 4086 2165 4158 nebulo·

261 4243 349 4290 nem
377 4218 537 4314 aliquem
566 4218 719 4290 annales
747 4219 839 4290 istos
867 4220 1091 4314 compilasse
1120 4234 1155 4290 et
1182 4217 1384 4290 laterculos
1412 4216 1680 4310 imperatorum
1709 4240 1803 4310 quos
1831 4214 2073 4310 praebebant,
2109 4215 2166 4286 in·

261 4346 405 4419 cautius
432 4347 529 4419 inter
556 4371 595 4419 se
624 4346 895 4419 committendo
930 4344 1147 4418 redundans
1174 4343 1266 4417 illud
1297 4343 1500 4419 triennium
1533 4344 1742 4416 abstulisse.
1805 4340 2034 4415 Historicum
2068 4368 2165 4416 vero

259 4474 420 4572 peritum
457 4489 493 4547 et
525 4476 683 4572 probato
719 4476 842 4548 ubivis
878 4500 945 4571 per
978 4474 1275 4548 diversissimum
1319 4474 1513 4546 literarum
1549 4497 1667 4569 genus
1704 4470 1842 4547 iudicio
1870 4473 2016 4569 qualem
2047 4472 2167 4546 fuisse

258 4603 396 4677 scimus
416 4602 630 4695 Eusebium,
657 4629 748 4677 num
767 4602 945 4676 credibile
973 4617 1030 4676 est
1058 4602 1104 4674 de
1123 4603 1305 4699 temporis
1332 4604 1456 4700 spatio
1484 4581 1704 4673 recentioris
1724 4603 1960 4696 potissimum
1981 4601 2165 4675 historiae

261 4733 322 4804 vel
350 4733 459 4805 foede
488 4759 631 4806 errasse
660 4735 731 4824 vel,
759 4733 860 4830 quod
888 4733 987 4806 idem
1016 4746 1083 4821 est,
1111 4732 1264 4805 foedum
1293 4733 1427 4828 prioris
1454 4729 1648 4803 cuiusdam
1668 4731 1861 4827 scriptoris
1892 4743 2055 4803 erratum
2084 4756 2165 4804 non

259 4863 500 4955 intellexisse,
529 4863 760 4935 intellectum
787 4889 863 4934 non
893 4861 1140 4936 emendasse?
1180 4859 1306 4934 Unum
1334 4860 1485 4958 quidem
1513 4885 1560 4932 ex
1588 4859 1707 4931 tribus
1735 4860 1842 4931 annis
1860 4857 2168 4934 redundantibus

259 4991 443 5066 Eusebius
478 4992 529 5090 (id
564 4991 663 5088 quod
699 4991 883 5065 Samuelis
920 4992 1095 5064 Aniensis
1131 4993 1268 5089 quippe
1296 4988 1355 5063 cui
1383 4989 1585 5087 integriore
1619 4988 1875 5061 translationis
1909 4989 2167 5062 Armeniacae

260 5122 465 5219 exemplari
498 5123 550 5194 uti
583 5123 739 5212 licuerit,
773 5121 992 5194 testimonio
1027 5120 1160 5193 confisi
1193 5117 1293 5192 haud
1324 5116 1540 5191 dubitanter
1575 5117 1876 5214 pronuntiamus)
1915 5131 2057 5213 postea
2098 5141 2167 5188 ex·

258 5253 394 5350 punxit
434 5250 557 5324 medio
602 5251 702 5349 quod
746 5253 843 5323 inter
887 5251 1084 5347 imperium
1129 5256 1167 5321 a'
1191 5247 1427 5321 Diocletiano
1471 5245 1683 5342 depositum
1728 5261 1763 5318 et
1805 5247 1965 5343 Augusti
2015 5270 2166 5320 nomen

259 5378 507 5455 Constantino
550 5407 571 5452 a
615 5381 793 5453 militibus
841 5381 962 5477 primo
1011 5378 1177 5451 delatum
1223 5376 1454 5463 intercessit,
1495 5376 1615 5471 spatio
1652 5400 1813 5471 prorsus
1854 5375 2049 5473 neglect03
2092 5375 2167 5448 sed
