4860 5970
1199 282 1242 345 28

266 489 403 563 tinacia
429 499 574 563 mutata
599 487 785 585 aequandi
812 488 957 560 ratione
984 490 1022 560 in
1049 490 1157 561 annis
1178 488 1428 559 2210-2343
1455 512 1476 559 a
1502 489 1698 586 proposito
1724 514 1823 561 anno
1842 512 2039 561 numerum
2069 488 2169 560 2018

268 616 534 691 subtrahamus
560 642 716 690 neccsse
745 627 813 705 est,
840 641 913 712 quo
939 630 1210 713 congruentem
1230 640 1369 688 annum
1400 642 1432 712 p.
1453 615 1492 689 0.
1511 620 1752 715 reperiamus.
1787 615 1956 689 Eandem
1982 592 2168 689 rationem

266 746 347 819 veri
376 746 495 818 simile
524 760 581 819 est
608 746 720 817 etiarn
748 745 795 816 sd
824 745 1123 841 antiquissimum
1151 744 1317 818 Cononis
1350 747 1510 842 spatium
1549 771 1733 819 annorum
1767 747 1945 818 1-1239
1978 747 2169 843 pertinere

261 860 394 971 ibique
427 898 565 947 annum
600 875 833 971 propositum
872 898 895 943 a
921 899 1079 947 numero
1116 874 1215 946 2019
1246 868 1544 947 subtrahendum
1581 900 1675 963 esse,
1713 887 1754 947 ut
1789 897 1910 947 annus
1943 900 1974 946 a.
2002 873 2042 948 G.
2079 898 2169 946 eon·

150 1042 156 1057 ι
265 1004 424 1076 veniens
450 1002 673 1076 inveniatur.
726 1001 773 1074 Et
802 1002 873 1073 hoc
902 1002 1052 1099 quidem
1082 1003 1352 1100 praescriptum
1381 1014 1444 1076 est.
1496 1001 1663 1074 Plurima
1689 1027 1780 1075 vero
1809 1004 1872 1074 illa
1898 1027 2023 1076 rerum
2046 985 2171 1102 gesta·

263 1156 348 1204 rum
376 1110 598 1229 argumenta
624 1157 785 1229 quorum
813 1131 912 1228 apud
940 1132 1173 1228 antiquiores
1199 1131 1399 1205 historicos
1427 1144 1600 1228 tempora
1622 1131 1867 1227 genuinarum
1896 1128 2169 1229 Olympiadum

261 1261 373 1333 annis
415 1284 596 1357 expressa
637 1262 858 1342 invenerat,
895 1286 978 1333 cum
1017 1261 1226 1333 rescribere
1256 1260 1393 1349 nollet,
1433 1258 1620 1334 Eusebius
1658 1258 2033 1357 chronographorum
2075 1283 2171 1332 usus

262 1389 446 1485 figmento
474 1414 540 1487 per
566 1402 687 1462 toturn
717 1388 908 1462 Cononem
937 1390 1122 1487 genuinas
1149 1387 1395 1488 Olympiadas
1423 1389 1820 1488 pseudolympiadibus
1848 1388 1924 1460 suia
1944 1412 2052 1485 pares
2079 1412 2167 1460 esse

260 1516 376 1589 iussit.
438 1514 629 1614 Nusquam
665 1519 776 1616 igitur
809 1520 841 1589 ei
873 1520 1009 1591 rationi
1043 1518 1150 1591 locus
1183 1516 1380 1616 negandus
1420 1532 1494 1607 est,
1535 1532 1575 1591 ut
1610 1519 1656 1589 ab
1684 1515 1952 1615 Olympiadum
1984 1517 2093 1589 annis
2128 1516 2166 1589 iu

262 1644 441 1741 exemplo
471 1646 696 1719 Armeniaco
726 1646 923 1743 adscriptis
950 1659 1099 1744 tempus
1127 1645 1293 1743 pendere
1320 1647 1485 1720 dicatur:
1514 1650 1575 1743 qui
1603 1644 1794 1743 quomodo
1824 1670 1906 1717 cum
1938 1645 2046 1718 annis
2072 1670 2105 1717 a.
2127 1641 2164 1718 0.

261 1784 325 1843 aut
353 1797 383 1868 p.
413 1772 450 1844 C.
486 1775 740 1847 commutandi
775 1776 860 1867 sint,
892 1778 976 1871 quia
1013 1776 1248 1849 tritissimum
1285 1788 1351 1867 est,
1380 1776 1595 1848 omittimus.
1648 1773 1732 1848 Hoc
1768 1775 1820 1846 ita.
1848 1798 1995 1869 quoque
2028 1773 2164 1845 efferre

261 1901 360 1990 licet,
390 1913 430 1973 ut
457 1901 624 1976 dicamus
652 1904 878 2000 primitivam
908 1906 1169 2001 aequationem
1198 1929 1244 1976 eo
1271 1930 1541 2001 nonnunquam
1570 1918 1678 2000 pacto
1708 1903 1852 1975 restitui
1882 1928 2002 1998 posse,
2040 1916 2081 1975 ut
2115 1900 2165 1975 ad

255 2029 513 2107 inveniendos
541 2058 660 2106 annos
688 2059 719 2105 a.
747 2032 783 2106 C.
818 2034 914 2106 intra
950 2034 1112 2131 spatium
1146 2058 1330 2105 annorum
1371 2033 1621 2105 1240-2015
1655 2032 1702 2102 ab
1740 2056 1838 2102 anno
1870 2032 1930 2127 qui
1959 2043 2015 2102 est
2039 2056 2062 2102 a
2090 2031 2164 2103 sol·

260 2160 365 2231 stitio
395 2161 493 2231 2010
521 2160 568 2232 ad
603 2163 801 2234 solstitium
842 2165 952 2251 2015,
991 2189 1111 2235 annus
1146 2163 1378 2259 propositus,
1415 2161 1462 2233 ad
1495 2159 1743 2233 inveniendos
1777 2186 1897 2231 annos
1928 2186 1962 2258 p.
1990 2158 2027 2234 C.
2061 2160 2163 2233 intra

259 2288 422 2384 spatium
451 2314 635 2362 annorum
669 2292 917 2364 2015-2343
951 2277 1072 2364 annus
1106 2293 1168 2388 qui
1196 2303 1253 2363 est
1288 2317 1310 2362 a
1336 2291 1497 2363 solstitio
1527 2291 1625 2361 2015
1661 2288 1707 2360 ad
1739 2290 1939 2362 solstitium
1968 2288 2079 2381 2014,
2112 2286 2162 2361 ab

259 2442 359 2488 anno
395 2418 589 2513 proposito
627 2420 876 2494 subtrahatur.
946 2418 1114 2517 Denique
1147 2420 1184 2492 in
1221 2420 1502 2493 continuatione
1529 2418 1750 2514 Hieronymi
1788 2418 1834 2488 ab
1869 2419 1977 2489 annis
2009 2416 2159 2489 2343-

260 2546 359 2616 2395
386 2545 643 2619 subtrahendo
670 2573 830 2621 numero
860 2550 956 2623 2017
985 2552 1046 2646 qui
1075 2563 1296 2647 congruant,
1323 2574 1354 2645 p.
1383 2546 1420 2620 C.
1450 2548 1537 2620 anni
1566 2548 1789 2620 efficiuntur.
