4860 5970
1187 270 1229 336 23

962 476 1104 562 Tempus
1127 477 1167 538 ab
1191 477 1347 540 Armenio
1388 475 1532 561 Tempus
1549 477 1589 539 ab
1604 475 1728 540 Hieron

1068 559 1255 623 indicatum.
1446 582 1497 623 mo
1519 560 1704 627 indicatum.
1730 498 1752 560 y
1821 516 1966 602 Tempm
1987 538 2110 586 'mm'

271 529 360 589 Arm.
373 525 447 589 Lat.

271 684 340 752 ΑΞ.
370 723 417 732 -
472 674 655 773 Origenes
687 674 938 747 Alexandriae
954 675 1151 747 abnatat.
1167 670 1738 764 0121621112224.012161.
1910 675 1989 748 203,

494 776 626 851 studiis
654 776 829 850 eruditur.
1042 775 1172 847 Severi
1186 773 1267 846 XII.
1441 776 1571 845 Severi
1584 772 1684 846 XVl.
1753 832 1760 843 .

1374 874 1524 971 (lemma
1538 875 1622 947 loeo
1638 902 1714 947 mo·

1392 972 1497 1070 turn.)

271 1110 342 1181 A2.
369 1148 416 1162 -·
474 1104 713 1179 Circensibus
735 1102 946 1177 Vulcanali·
1051 1100 1351 1194 2235.01.2t9‚t.
1447 1104 1554 1176 2231.
1569 1099 1743 1193 012492.
1771 1104 1806 1177 d.
1831 1107 1885 1177 23.
1904 1106 2063 1202 Augusti
2078 1108 2158 1179 att·

494 1231 600 1278 orum
628 1203 771 1278 Rornae
803 1204 943 1301 amphi-
1052 1203 1206 1276 Macrini
1223 1203 1248 1276 l.
1396 1232 1401 1241 ·
1443 1202 1597 1275 Macrini
1614 1201 1637 1275 l.

493 1296 680 1380 theatrum
709 1306 911 1378 incensum.
1368 1304 1519 1401 (lemma
1533 1303 1737 1377 secundum

1383 1429 1411 1476 a.
1447 1402 1603 1476 Macrini
1625 1403 1650 1476 l.
1684 1431 1739 1478 re·

1383 1505 1584 1602 scriptum.)

273 1632 342 1703 Αἵ.
373 1668 419 1683 —-
475 1628 668 1725 Abgarus,
700 1628 758 1701 vir
795 1638 957 1717 sanctus,
1060 1622 1359 1715 sustulerat.
1454 1624 1752 1714 attentatas.
1771 1626 2158 1727 Abgarusregnospo·

492 1730 664 1827 regnavit
690 1726 877 1815 Edessae,
910 1744 951 1799 ut
1052 1724 1207 1797 Macrini
1224 1726 1248 1799 l.
1448 1724 1602 1797 Macrini
1617 1724 1641 1797 l.
1776 1727 1886 1800 liatus
1908 1742 1964 1801 est
1978 1743 2157 1805 autumno

492 1830 574 1903 vult
601 1829 810 1901 Africanus.
1383 1827 1534 1923 (lemma
1547 1825 1751 1899 secundum
1771 1853 1801 1900 a.
1814 1828 1886 1901 216
1908 1830 1968 1901 vel
1991 1831 2110 1904 hieme
2126 1859 2158 1904 a.

1396 1952 1426 1999 a.
1459 1925 1613 1999 Macrini
1641 1926 1664 2001 l.
1696 1951 1749 2000 re·
1769 1928 1852 2001 217.

1393 2026 1592 2125 scriptum.)

273 2199 299 2211 ·
372 2159 441 2229 A2.
462 2128 940 2253 Origenesdedlexandria
1041 2150 1339 2241 2252.01.254,1.
1443 2156 1547 2227 2249.
1561 2152 1736 2241 Ottsat.
1871 2139 1995 2213 “PE-239.
2066 2134 2070 2151 '

481 2254 939 2330 adCaesariamPalaesti·
1040 2251 1344 2327 Alexandrinll.
1440 2255 1645 2327 Alexandri
1659 2255 1720 2329 Xl.
1873 2228 1997 2273 ⁸⁰'‘²³¹·

480 2382 551 2429 nae
579 2358 719 2430 transit.
1040 2354 1195 2446 (lemma
1258 2355 1343 2426 loco

1049 2454 1217 2551 motum.)

273 2576 319 2650 O.
364 2574 409 2650 Ο.
466 2576 724 2674 llegnarrtibus
758 2575 940 2673 Philippis
1044 2573 1343 2667 2262.01.256‚3.
1447 2577 2120 2672 attentatas.danaprilistls.

495 2679 713 2752 millesimus
735 2703 854 2750 annus
877 2702 934 2749 ur·
1038 2675 1236 2773 Philippil.
1440 2675 1658 2775 Philippill.

495 2777 554 2850 bis
590 2776 732 2849 Romae
767 2779 939 2874 expletus
1367 2816 1372 2829 =

496 2893 553 2949 est
580 2878 760 2972 obquam
788 2877 935 2948 sollem·
1002 2882 1030 2931 Ι

497 2977 667 3057 nitatem.
686 3038 692 3049 .
710 3038 716 3048 .
735 2974 828 3048 ludi.
848 3037 854 3048 .
873 3037 878 3048 .
899 2977 937 3048 in

496 3074 940 3174 campollartiotheatra·

498 3177 593 3251 les..
630 3177 820 3250 celebrati.

275 3298 344 3369 Aa.
382 3300 450 3371 Aa,
470 3297 654 3372 Pestilcns
679 3298 831 3370 morbus
847 3298 936 3368 mul·
1041 3294 1342 3390 2262012582.
1445 3295 2158 3388 2269111581.ιηΝονειῃὴτῑνειΒε.

485 3397 937 3495 tastotiusurbisprovin-
1039 3395 1142 3469 Decii
1160 3396 1186 3470 l.
1447 3399 1584 3473 Gellil.
1758 3400 1899 3472 cembri
1927 3399 2049 3498 2517)

488 3499 564 3571 cias
601 3501 797 3593 occupavit
826 3498 942 3569 maxi·

487 3624 620 3696 meque
674 3598 942 3671 Alexandriam

487 3698 939 3797 etAegyptummtscribit

486 3798 700 3899 Dionysius.

278 3919 348 3992 A'.
378 3962 425 3971 —
467 3917 636 3994 Novatus
663 3923 858 4019 presbyter
876 3920 945 4018 Cy-
1050 3914 1350 4012 annotatas.
1446 3924 1550 3996 2269.
1566 3920 1741 4014 olusat.
1762 3924 1857 3997 inter
1877 3923 1909 3996 d.
1931 3930 1962 3998 4.
1978 3923 2070 3997 lunii
2087 3926 2155 3995 251

501 4020 779 4115 prianiRomam
790 4021 943 4093 veniens
1046 4020 1142 4095 Galli
1159 4022 1185 4095 l.
1445 4024 1541 4097 Galli
1559 4022 1585 4095 l.
1757 4037 1793 4097 et
1808 4023 1840 4097 d.
1856 4028 1912 4098 11.
1928 4024 2160 4120 Septembris

500 4117 750 4192 Novatiauum
802 4134 838 4193 et
885 4146 941 4193 ce·
1365 4122 1733 4222 (lemmaseeundum
1756 4125 1907 4221 252.**)

499 4236 600 4293 teres
616 4222 851 4293 confessores
873 4221 942 4293 sibi
1383 4251 1412 4297 a.
1428 4223 1524 4298 Galli
1541 4224 1566 4300 l.
1582 4224 1735 4321 rescrip-

499 4322 628 4410 soeiat,
645 4345 689 4393 eo
701 4319 945 4418 quodCorne·
1381 4326 1487 4423 tum.)

499 4420 570 4495 lius
598 4423 830 4518 paenitentes
857 4447 944 4518 apo·

500 4535 615 4594 statas
641 4525 851 4619 recepisset.

443 4751 476 4825 ⁸)
499 4750 583 4817 Cum
607 4752 758 4817 historiae
781 4755 910 4819 trtulant
940 4754 1155 4838 pestilentiam
1185 4778 1204 4818 a
1232 4758 1319 4821 Galli
1349 4768 1537 4841 tempestate
1564 4778 1663 4819 smnus
1693 4754 1877 4838 quindecim
1907 4756 1952 4818 ita
1978 4772 2157 4839 grassatam

252 4877 361 4947 esse,
392 4872 426 4918 ut
455 4869 639 4920 constanter
667 4869 823 4921 autumno
852 4865 924 4933 (duc
946 4874 997 4921 τοῦ
1020 4866 1228 4941 φθινοπώρου)
1259 4862 1435 4945 inciperet,
1463 4860 1503 4923 atl
1534 4857 1708 4925 Caniculae
1730 4874 1836 4923 ortum
1858 4860 2000 4935 duraret,
2029 4861 2156 4925 initium

278 4961 347 5022 eius
371 4960 411 5020 ab
434 4959 578 5024 Henrico
601 4961 708 5045 Fynes
731 4961 863 5027 Clinton
886 4964 918 5025 iu
941 4976 1095 5028 autumno
1120 4967 1182 5029 ’252
1203 4967 1391 5030 collocatum
1415 4984 1474 5029 est.
1522 4964 1585 5027 Sed
1607 4964 1827 5027 Hostilianum
1854 4986 1949 5046 quem
1978 4964 2159 5049 pestilentia

280 5063 331 5125 illu
354 5064 559 5150 absumptum
588 5088 658 5129 esse
687 5069 826 5149 scimus,
857 5067 992 5130 solidum
1022 5091 1142 5132 annum
1172 5092 1245 5132 eum
1276 5071 1371 5135 (lello
1403 5072 1577 5156 imperasse
1605 5069 1754 5133 omnibus
1782 5069 1842 5132 rite
1872 5069 2038 5153 perpensis
2069 5070 2157 5134 nullo

278 5168 370 5230 ruodo
395 5172 461 5231 veri
484 5170 587 5233 simile
609 5182 669 5236 est.
713 5170 871 5253 Equidem
895 5193 956 5235 non
984 5194 1137 5256 assequor
1159 5173 1238 5255 quid
1269 5174 1432 5259 impediat,
1463 5175 1633 5258 quominus
1655 5174 1870 5258 pestilentiam
1893 5174 1998 5235 statim
2021 5194 2041 5234 a
2062 5172 2157 5237 Gallu

280 5293 386 5333 rernm
409 5274 509 5357 potito
529 5288 684 5338 autumno
707 5278 765 5339 251
789 5276 945 5360 incepisse
966 5277 1179 5341 existimetur.

446 5378 501 5455 ’Ἴ
525 5378 652 5443 Scilicet
676 5378 701 5441 si
726 5378 805 5442 fides
826 5380 974 5445 habenda
994 5394 1042 5443 est
1067 5380 1167 5444 Libro
1190 5381 1374 5465 pruritificali.
