4846 5976
1354 250 1394 313 18

1186 336 1561 350 —-———

434 504 512 553 non
549 503 637 551 casu
669 476 807 548 facturn
843 499 943 562 esse,
978 487 1019 545 ut
1054 473 1140 545 anni
1170 476 1241 573 32}
1269 489 1305 545 et
1330 475 1402 572 339
1436 473 1540 545 initia
1575 477 1648 546 slnt
1684 474 1795 547 etiam
1831 475 2052 547 circulorum
2081 474 2314 571 quorundam

438 609 670 708 paschalium
699 604 1017 679 undevicenorum
1046 594 1248 674 annorum:
1276 626 1297 671 a
1324 602 1444 698 primo
1472 602 1569 673 enirn
1598 627 1697 675 anno
1723 600 1946 676 Diocletiani
1971 603 2315 676 Alexandrinorum

437 738 595 812 circulus
621 735 761 807 lunaris
788 731 918 829 incipit
944 755 1054 837 quem
1081 744 1214 827 postea
1240 756 1315 802 uno
1342 731 1468 802 animo
1501 741 1603 802 totus
1636 730 1737 803 orbis
1765 729 1998 805 Christianus
2025 734 2220 829 arnplexus
2248 748 2315 824 cst,

436 880 475 941 et
501 867 547 939 ab
575 864 661 936 anni
690 863 760 934 277
789 886 889 934 nova
915 860 1004 931 luna
1029 858 1169 957 pascha
1205 858 1451 955 praecedente
1480 858 1680 931 Anatolius
1713 858 2173 933 enneacaedecaeteridem
2209 885 2315 933 suam

436 994 650 1091 auspicatus
680 1004 746 1064 est.
798 988 948 1061 Scilicet
971 1012 1049 1060 non
1075 988 1210 1060 mirum
1243 988 1409 1061 feceruut
1435 986 1898 1061 enneacaedecaeteridum
1926 1001 2109 1078 auctores,
2136 988 2167 1059 si
2194 1014 2315 1063 novos

437 1149 526 1198 suos
555 1146 673 1194 annos
700 1142 857 1215 magnos
884 1141 967 1188 cum
991 1115 1164 1188 absoluto
1192 1115 1401 1211 antiquiore
1429 1115 1583 1188 circuitu
1613 1116 1893 1211 copulaverunt.
1951 1113 2074 1203 Quare
2109 1115 2209 1189 haud
2236 1118 2316 1190 scio

437 1279 485 1326 an
514 1252 658 1327 initium
689 1244 925 1321 octaeteridis
951 1245 988 1316 in
1017 1269 1115 1316 anno
1143 1245 1204 1341 qui
1232 1256 1289 1317 est
1323 1268 1345 1316 a
1371 1243 1531 1317 solstitio
1560 1244 1631 1315 284
1669 1241 1716 1315 ad
1744 1243 1943 1316 solstitium
1971 1243 2076 1335 28ss
2095 1244 2319 1319 collocatum

436 1379 538 1478 quod
565 1401 613 1450 ex
636 1374 799 1448 Eusebio
827 1372 1098 1462 derivavimus,
1132 1371 1242 1444 valde
1278 1373 1553 1469 comprobetur.
1611 1370 1804 1445 Ficticium
1830 1372 2144 1470 Aegyptiacorum
2168 1374 2315 1448 illarum

437 1533 529 1607 quas
556 1506 729 1595 diximus,
756 1499 1020 1600 Olympiadum
1048 1484 1249 1572 exordium*
1270 1501 1307 1573 in
1335 1500 1533 1575 solstitium
1561 1500 1649 1573 anni
1677 1501 1747 1572 781
1786 1525 1818 1572 a.
1847 1499 1886 1575 C.
1915 1500 2055 1573 incidit.
2114 1499 2190 1573 Iam
2226 1529 2317 1580 vero

436 1637 534 1708 inter
575 1634 718 1707 initium
759 1629 892 1702 horum
934 1652 1118 1699 annorum
1157 1640 1195 1700 et
1226 1628 1385 1724 primurn
1420 1653 1559 1701 annum
1593 1626 1817 1702 Diocletiani
1853 1629 2039 1713 intersunt
2075 1628 2319 1728 Olympiades

439 1760 638 1851 cclxvi,
672 1759 709 1831 id
746 1770 803 1831 est
838 1755 1083 1829 octaeterides
1116 1754 1308 1848 CXXXlll;
1336 1757 1469 1854 quibus
1501 1783 1568 1856 per
1600 1783 1796 1831 numerum
1832 1758 2162 1833 undevicenarium
2189 1760 2316 1836 divisis

437 1890 597 1964 efficitur
620 1888 691 1961 hoc
720 1910 830 1959 omne
856 1885 1036 1981 temporis
1063 1885 1221 1980 spatium
1249 1886 1432 1959 contineri
1463 1887 1571 1959 annis
1605 1887 1808 1962 maioribus
1845 1901 1990 1985 septem
2020 1914 2203 1962 annorum
2232 1913 2311 1962 ver·

436 2019 594 2094 tentium
622 2014 721 2090 OLll.
772 2012 900 2110 ltaque
928 2038 950 2084 a
975 2014 1094 2111 prima
1121 2009 1343 2110 Olympiade
1381 2016 1614 2114 Aegyptiace
1647 2041 1724 2089 non
1763 2017 1884 2090 solum
1918 2018 2048 2091 literae
2075 2017 2317 2091 dominicales

437 2146 589 2220 maioris
617 2144 726 2217 huius
753 2143 840 2215 anni
876 2142 1015 2214 lunaris
1052 2140 1213 2213 eundern
1248 2168 1400 2238 prorsus
1436 2144 1605 2216 ordinem
1647 2156 1827 2240 sequntur
1866 2171 1975 2243 quem
2016 2171 2038 2218 a
2070 2147 2190 2243 primo
2218 2172 2317 2218 anno

436 2273 678 2362 Diocletiani,
719 2269 785 2344 sed
817 2272 927 2342 etiarn
962 2270 1109 2342 numeri
1136 2271 1238 2343 aurei
1276 2271 1410 2344 eodem
1451 2270 1580 2344 ordine
1613 2272 1784 2347 redeunt.
1834 2271 1918 2346 Hoc
1944 2288 1986 2347 ut
2012 2288 2151 2347 temere
2176 2275 2318 2346 factum

438 2405 497 2494 sit,
524 2414 669 2475 tantum
695 2400 814 2488 abest,
841 2412 883 2470 ut
908 2397 1004 2470 hanc
1025 2399 1306 2496 Aegyptiacam
1344 2396 1607 2497 Olympiadum
1635 2402 1910 2475 rationem·aut
1944 2402 2027 2498 ipso
2064 2426 2161 2473 anno
2193 2400 2315 2496 primo

437 2501 659 2604 Diocletiani
698 2540 762 2600 aut
808 2539 894 2624 post
933 2551 1071 2598 annum
1112 2526 1271 2623 primum
1304 2528 1560 2625 excogitatam
1601 2555 1683 2603 esse
1721 2529 1887 2604 declaret
1921 2531 2025 2603 cuius
2063 2555 2133 2625 ope
2168 2541 2319 2624 tempus

438 2659 613 2759 paschale
641 2656 875 2731 commodius
894 2656 1132 2751 inveniretur.
1174 2654 1278 2742 Quae
1308 2682 1391 2729 curn
1418 2658 1470 2730 ita
1496 2659 1581 2749 sint,
1608 2658 1812 2733 Eusebium
1831 2685 1853 2731 a
1870 2658 2063 2732 Pertinace
2090 2657 2137 2729 ad
2156 2658 2319 2754 primum

438 2813 577 2861 annum
605 2785 826 2859 Diocletiani
854 2783 1118 2856 Alexandrinis
1146 2784 1251 2857 fastis
1279 2810 1387 2858 usum
1414 2784 1496 2860 csse
1523 2812 1719 2860 censemus
1751 2788 1789 2859 in
1817 2788 1951 2884 quibus
1977 2787 2126 2860 triennii
2158 2786 2320 2883 comple·

437 2930 606 2989 mentum
633 2913 892 3011 interpositum
922 2924 1021 3003 erat,
1053 2937 1125 3009 quo
1159 2913 1205 2984 ab
1242 2911 1526 3011 Olympiadibus
1560 2913 1704 2988 Iuliana
1735 2915 1903 2990 bissexta
1937 2915 2171 3013 signantibus
2200 2928 2320 2988 trans·

440 3046 512 3117 itus
539 3044 646 3117 fieret
671 3043 718 3115 ad
738 3040 982 3140 Olympiadas
999 3042 1272 3139 Aegyptiorum
1298 3022 1512 3138 paschalesi
1537 3042 1575 3115 id
1601 3043 1701 3140 quod
1729 3043 1841 3117 etiam
1868 3070 1913 3116 eo
1939 3044 2191 3132 confirmatur,
2219 3040 2315 3140 quod
2345 3126 2350 3143 Ι

442 3174 650 3246 accuratior
677 3173 736 3269 qui
763 3172 1029 3267 imperatorum
1056 3182 1227 3265 tempora
1250 3196 1326 3242 non
1352 3183 1497 3243 tanturn
1532 3172 1650 3263 annis,
1684 3171 1752 3246 sed
1792 3172 1904 3245 etiam
1937 3172 2130 3244 mensibus
2162 3170 2312 3260 notavit,

441 3302 555 3376 index
584 3304 620 3374 iu
647 3298 875 3373 Numeriano
904 3282 1016 3370 finem
1046 3298 1212 3393 habet.*)

609 3428 666 3501 Ex
706 3428 813 3500 annis
849 3427 920 3499 illis
962 3426 1257 3501 redundantibus
1298 3451 1411 3500 unum
1435 3425 1619 3501 Eusebius
1657 3441 1789 3526 postea
1833 3428 1992 3502 exclusit
2028 3429 2130 3501 nulla
2163 3422 2320 3501 'ratione

440 3559 568 3632 habita
595 3559 673 3630 eius
697 3555 796 3653 quod
824 3556 920 3627 inter
947 3553 1218 3628 Diocletianum
1247 3567 1283 3628 et
1310 3552 1569 3629 Constantium
1602 3558 1830 3648 intercessit,
1858 3557 2053 3632 intervalli.
2105 3555 2152 3630 Et
2185 3556 2322 3629 fecisse

440 3686 590 3784 quidem
626 3685 698 3757 hcc
733 3683 934 3757 Eusebium
966 3685 1092 3781 negari
1129 3685 1274 3781 nequit:
1310 3711 1376 3782 per
1409 3700 1579 3783 tempora
1615 3687 1713 3758 enirn
1751 3712 1875 3758 rerurn
1908 3687 1947 3758 in
1984 3685 2104 3782 spatio
2140 3683 2322 3758 historico

440 3816 705 3888 collocatarum
745 3838 838 3911 quae
878 3812 1001 3885 ubivis
1040 3838 1136 3903 non,
1177 3812 1276 3909 quod
1313 3839 1354 3887 re
1389 3814 1435 3886 ab
1477 3812 1640 3890 Eusebio
1681 3815 1850 3912 neglecta
1891 3813 2184 3911 exspectandum
2228 3823 2324 3904 erat,

440 3943 614 4034 triennio,
642 3941 707 4015 sed
736 3942 886 4014 biennio
914 3939 1137 4014 redundanti
1166 3941 1350 4033 differant,
1380 3942 1427 4015 ad
1454 3941 1632 4040 liquidum
1659 3942 1875 4040 perducitur
1901 3944 2018 4017 latere
2044 3942 2103 4016 hic
2131 3942 2328 4040 proprium

441 4070 619 4167 quiddam
651 4038 820 4157 Eusebii,
856 4095 932 4142 non
970 4083 1132 4144 erratum
1167 4069 1350 4144 Samuelis
1384 4071 1568 4144 Aniensis.
1631 4069 1823 4159 Quaenam
1850 4097 1947 4159 ‚vero
1984 4071 2094 4144 huius
2126 4084 2201 4143 tam
2238 4070 2327 4142 miri

442 4198 645 4273 commenti
679 4223 790 4271 causa
819 4198 947 4289 fuerit,
982 4199 1081 4271 haud
1119 4198 1226 4271 facile
1263 4197 1419 4272 dixeris:
1454 4225 1576 4296 neque
1610 4200 1707 4271 enim
1743 4198 1906 4291 Eusebii‚
1943 4200 2076 4274 horum
2109 4210 2326 4295 temporum

442 4302 617 4425 aequalis,
643 4342 789 4424 turpem
815 4326 1000 4423 quandam
1028 4327 1089 4399 bic
1116 4328 1389 4424 ignorationem
1418 4327 1649 4425 deprehendi
1675 4329 1839 4426 quisquis
1874 4327 2086 4428 diligentius
2121 4352 2200 4400 rem
2234 4352 2326 4400 con·

441 4455 675 4547 sideraverit,
701 4455 887 4529 fatebitur.
933 4454 1017 4529 Una
1043 4455 1157 4528 modo
1186 4457 1240 4529 rei
1268 4456 1524 4552 expediendae
1543 4455 1634 4528 mihi
1652 4457 1835 4530 succurrit
1853 4457 1947 4549 ratio
1975 4481 2097 4552 quam,
2125 4480 2209 4528 cum
2238 4480 2330 4529 con·

443 4584 606 4658 iacturae
635 4586 737 4658 locus
765 4584 823 4676 sit,
851 4585 888 4657 in
916 4584 1079 4659 medium
1107 4586 1274 4682 proferre
1301 4585 1421 4657 liceat.
1456 4582 1663 4659 Oetattteris
1682 4585 1913 4685 Aegyptiace
1939 4610 2023 4658 cum
2052 4584 2234 4657 catholica
2260 4583 2330 4657 illa

442 4737 552 4809 quarn
580 4714 733 4809 quacei
760 4714 961 4788 substituta
987 4727 1055 4803 est,
1081 4712 1476 4786 enneacaedecadteris
1511 4715 1690 4787 ecclesiae
1716 4713 1996 4787 Alexandrinae
2031 4724 2162 4809 postea
2187 4710 2329 4808 adepta

443 4854 510 4934 est,
538 4843 756 4916 auctoritate
783 4868 1016 4939 nequaquam
1044 4845 1240 4934 timeretur,
1267 4868 1387 4939 neque
1414 4844 1494 4939 ipsa
1520 4867 1639 4940 neque
1659 4840 1902 4939 Olympiades
1930 4865 2014 4913 cum
2038 4867 2082 4912 ea
2101 4841 2327 4913 coniunctae

609 5128 743 5213 *)Na1n
772 5128 859 5211 quod
888 5130 951 5190 iam
982 5127 1067 5193 Caro
1098 5142 1131 5191 et
1164 5128 1237 5191 filiis
1267 5130 1372 5194 missia
1402 5130 1564 5194 mensibus
1592 5130 1712 5211 integri
1739 5127 1815 5190 anni
1842 5125 1997 5211 adscripti
2026 5135 2112 5205 sunt,
2143 5124 2217 5187 inde
2245 5128 2328 5191 satis

443 5244 626 5315 excusatur,
648 5233 733 5316 quod
755 5233 796 5295 ab
817 5231 910 5296 initio
933 5230 1010 5298 Cari
1035 5256 1138 5316 usque
1167 5234 1208 5296 ad
1237 5246 1370 5298 mortem
1393 5234 1581 5300 Numeriani
1608 5232 1703 5297 etiam
1731 5231 1881 5296 subtilius
1910 5229 2040 5296 calculis
2063 5227 2231 5293 subductis
2257 5228 2330 5296 ‹luo

442 5338 511 5401 fere
533 5337 607 5401 anni
631 5337 873 5421 praeterierunt.
