<?xml version="1.0" encoding="UTF-8"?>
<!DOCTYPE html PUBLIC "-//W3C//DTD XHTML 1.0 Transitional//EN"
    "http://www.w3.org/TR/xhtml1/DTD/xhtml1-transitional.dtd">
<html xmlns="http://www.w3.org/1999/xhtml" xml:lang="en" lang="en">
 <head>
  <title>
</title>
<meta http-equiv="Content-Type" content="text/html;charset=utf-8" />
  <meta name='ocr-system' content='tesseract 3.04.00' />
  <meta name='ocr-capabilities' content='ocr_page ocr_carea ocr_par ocr_line ocrx_word'/>
</head>
<body>
  <div class='ocr_page' id='page_1' title='image "./detemporumnotis00gutsgoog_0031.png"; bbox 0 0 4846 5976; ppageno 0'>
   <div class='ocr_carea' id='block_1_1' title="bbox 1192 272 1233 335">
    <p class='ocr_par' dir='ltr' id='par_1_1' title="bbox 1192 272 1233 335">
     <span class='ocr_line' id='line_1_1' title="bbox 1192 272 1233 335; baseline 0 0"><span class='ocrx_word' id='word_1_1' title='bbox 1192 272 1233 335; x_wconf 82' lang='lat'>24</span> 
     </span>
    </p>
   </div>
   <div class='ocr_carea' id='block_1_2' title="bbox 259 474 1751 623">
    <p class='ocr_par' dir='ltr' id='par_1_2' title="bbox 259 474 1751 623">
     <span class='ocr_line' id='line_1_2' title="bbox 259 474 1751 588; baseline -0.023 -17"><span class='ocrx_word' id='word_1_2' title='bbox 259 524 352 588; x_wconf 65' lang='lat' dir='ltr'>Am</span> <span class='ocrx_word' id='word_1_3' title='bbox 368 521 432 586; x_wconf 44' lang='lat'>12„</span> <span class='ocrx_word' id='word_1_4' title='bbox 956 474 1099 560; x_wconf 82' lang='lat' dir='ltr'>Tempus</span> <span class='ocrx_word' id='word_1_5' title='bbox 1122 476 1162 538; x_wconf 89' lang='lat' dir='ltr'>ab</span> <span class='ocrx_word' id='word_1_6' title='bbox 1185 477 1340 539; x_wconf 88' lang='lat' dir='ltr'>Armenio</span> <span class='ocrx_word' id='word_1_7' title='bbox 1363 475 1505 559; x_wconf 79' lang='lat' dir='ltr'>Tempus</span> <span class='ocrx_word' id='word_1_8' title='bbox 1527 477 1566 538; x_wconf 88' lang='lat' dir='ltr'>ab</span> <span class='ocrx_word' id='word_1_9' title='bbox 1587 475 1751 560; x_wconf 85' lang='lat' dir='ltr'>Hierony-</span> 
     </span>
     <span class='ocr_line' id='line_1_3' title="bbox 435 559 1679 623; baseline -0.022 26"><span class='ocrx_word' id='word_1_10' title='bbox 435 565 443 584; x_wconf 43' lang='lat'><strong>·</strong></span> <span class='ocrx_word' id='word_1_11' title='bbox 1063 559 1247 622; x_wconf 87' lang='lat' dir='ltr'>indicatum.</span> <span class='ocrx_word' id='word_1_12' title='bbox 1421 582 1472 623; x_wconf 93' lang='lat' dir='ltr'>mo</span> <span class='ocrx_word' id='word_1_13' title='bbox 1495 560 1679 622; x_wconf 87' lang='lat' dir='ltr'>iudicatum.</span> 
     </span>
    </p>
   </div>
   <div class='ocr_carea' id='block_1_3' title="bbox 259 638 2149 871">
    <p class='ocr_par' dir='ltr' id='par_1_3' title="bbox 259 638 2149 871">
     <span class='ocr_line' id='line_1_4' title="bbox 259 638 2149 769; baseline -0.004 -16"><span class='ocrx_word' id='word_1_14' title='bbox 259 677 303 754; x_wconf 92' lang='grc' dir='ltr'>Ο.</span> <span class='ocrx_word' id='word_1_15' title='bbox 343 719 390 732; x_wconf 91' lang='lat'>-</span> <span class='ocrx_word' id='word_1_16' title='bbox 453 675 676 748; x_wconf 78' lang='lat' dir='ltr'><strong>Valerianus</strong></span> <span class='ocrx_word' id='word_1_17' title='bbox 691 675 729 745; x_wconf 90' lang='lat' dir='ltr'>in</span> <span class='ocrx_word' id='word_1_18' title='bbox 747 638 920 746; x_wconf 85' lang='lat' dir='ltr'>Christia—</span> <span class='ocrx_word' id='word_1_19' title='bbox 936 675 1133 747; x_wconf 66' lang='grc'><strong>11102278.</strong></span> <span class='ocrx_word' id='word_1_20' title='bbox 1150 671 1327 764; x_wconf 66' lang='lat' dir='ltr'>Oiatai.</span> <span class='ocrx_word' id='word_1_21' title='bbox 1344 675 1537 747; x_wconf 66' lang='lat' dir='ltr'>abraam.</span> <span class='ocrx_word' id='word_1_22' title='bbox 1553 668 1729 762; x_wconf 81' lang='lat'><strong>01.259‚2.</strong></span> <span class='ocrx_word' id='word_1_23' title='bbox 1750 671 1934 745; x_wconf 80' lang='lat' dir='ltr'>Maximus</span> <span class='ocrx_word' id='word_1_24' title='bbox 1949 675 2149 769; x_wconf 87' lang='lat' dir='ltr'>persecuti·</span> 
     </span>
     <span class='ocr_line' id='line_1_5' title="bbox 484 772 2148 871; baseline -0.001 -23"><span class='ocrx_word' id='word_1_25' title='bbox 484 775 927 871; x_wconf 83' lang='lat' dir='ltr'>nospersecutionecom-</span> <span class='ocrx_word' id='word_1_26' title='bbox 1033 772 1221 846; x_wconf 87' lang='lat' dir='ltr'>Valeriani</span> <span class='ocrx_word' id='word_1_27' title='bbox 1238 774 1281 848; x_wconf 90' lang='lat' dir='ltr'>ll.</span> <span class='ocrx_word' id='word_1_28' title='bbox 1428 772 1712 845; x_wconf 88' lang='lat' dir='ltr'>Valerianillll.</span> <span class='ocrx_word' id='word_1_29' title='bbox 1753 776 1835 847; x_wconf 92' lang='lat' dir='ltr'>onis</span> <span class='ocrx_word' id='word_1_30' title='bbox 1849 772 2148 855; x_wconf 68' lang='lat' dir='ltr'>mundanu-</span> 
     </span>
    </p>
   </div>
   <div class='ocr_carea' id='block_1_4' title="bbox 263 873 2163 4493">
    <p class='ocr_par' dir='ltr' id='par_1_4' title="bbox 438 873 2146 1072">
     <span class='ocr_line' id='line_1_6' title="bbox 483 873 2146 973; baseline -0.002 -24"><span class='ocrx_word' id='word_1_31' title='bbox 483 889 586 949; x_wconf 91' lang='lat' dir='ltr'>mota</span> <span class='ocrx_word' id='word_1_32' title='bbox 596 876 721 948; x_wconf 91' lang='lat' dir='ltr'>statim</span> <span class='ocrx_word' id='word_1_33' title='bbox 741 873 926 970; x_wconf 85' lang='lat' dir='ltr'>aSapore,</span> <span class='ocrx_word' id='word_1_34' title='bbox 1363 875 1514 972; x_wconf 79' lang='lat' dir='ltr'>(lemma</span> <span class='ocrx_word' id='word_1_35' title='bbox 1525 873 1729 945; x_wconf 91' lang='lat' dir='ltr'>secundum</span> <span class='ocrx_word' id='word_1_36' title='bbox 1755 875 1853 970; x_wconf 85' lang='lat' dir='ltr'>gusti</span> <span class='ocrx_word' id='word_1_37' title='bbox 1874 887 1911 948; x_wconf 89' lang='lat' dir='ltr'>et</span> <span class='ocrx_word' id='word_1_38' title='bbox 1937 873 2042 946; x_wconf 80' lang='grc'><strong>(1.14.</strong></span> <span class='ocrx_word' id='word_1_39' title='bbox 2058 873 2146 973; x_wconf 86' lang='lat' dir='ltr'>Sep-</span> 
     </span>
     <span class='ocr_line' id='line_1_7' title="bbox 438 972 2037 1072; baseline -0.003 -24"><span class='ocrx_word' id='word_1_40' title='bbox 438 1040 441 1048; x_wconf 62' lang='grc'><strong>.</strong></span> <span class='ocrx_word' id='word_1_41' title='bbox 487 976 685 1048; x_wconf 81' lang='lat' dir='ltr'><strong>Persarum</strong></span> <span class='ocrx_word' id='word_1_42' title='bbox 708 1000 807 1071; x_wconf 82' lang='lat' dir='ltr'>rege,</span> <span class='ocrx_word' id='word_1_43' title='bbox 832 977 927 1070; x_wconf 86' lang='lat' dir='ltr'>capi·</span> <span class='ocrx_word' id='word_1_44' title='bbox 1371 972 1633 1072; x_wconf 81' lang='lat' dir='ltr'>Olympiadem</span> <span class='ocrx_word' id='word_1_45' title='bbox 1673 1000 1727 1046; x_wconf 90' lang='lat' dir='ltr'>re·</span> <span class='ocrx_word' id='word_1_46' title='bbox 1753 974 1908 1047; x_wconf 84' lang='lat' dir='ltr'>tetnbris</span> <span class='ocrx_word' id='word_1_47' title='bbox 1923 975 2008 1046; x_wconf 85' lang='grc'><strong>258.</strong></span> <span class='ocrx_word' id='word_1_48' title='bbox 2033 1056 2037 1060; x_wconf 35' lang='grc'><em>,</em></span> 
     </span>
    </p>

    <p class='ocr_par' dir='ltr' id='par_1_5' title="bbox 487 1076 1627 1174">
     <span class='ocr_line' id='line_1_8' title="bbox 487 1076 1627 1174; baseline -0.005 -23"><span class='ocrx_word' id='word_1_49' title='bbox 487 1091 548 1151; x_wconf 90' lang='lat' dir='ltr'>tur</span> <span class='ocrx_word' id='word_1_50' title='bbox 587 1078 710 1174; x_wconf 84' lang='lat' dir='ltr'>ibique</span> <span class='ocrx_word' id='word_1_51' title='bbox 740 1091 932 1149; x_wconf 77' lang='lat' dir='ltr'>senectute</span> <span class='ocrx_word' id='word_1_52' title='bbox 1370 1076 1558 1171; x_wconf 85' lang='lat' dir='ltr'>scripturn.</span> <span class='ocrx_word' id='word_1_53' title='bbox 1622 1104 1627 1113; x_wconf 64' lang='lat'><strong><em>¹</em></strong></span> 
     </span>
    </p>

    <p class='ocr_par' dir='ltr' id='par_1_6' title="bbox 490 1176 1699 1265">
     <span class='ocr_line' id='line_1_9' title="bbox 490 1176 1699 1265; baseline 0 -16"><span class='ocrx_word' id='word_1_54' title='bbox 490 1176 947 1251; x_wconf 86' lang='lat' dir='ltr'>miserabiliconsenescit.</span> <span class='ocrx_word' id='word_1_55' title='bbox 1027 1240 1031 1247; x_wconf 92' lang='lat'>.</span> <span class='ocrx_word' id='word_1_56' title='bbox 1695 1258 1699 1265; x_wconf 23' lang='lat'><strong>⁴</strong></span> 
     </span>
    </p>

    <p class='ocr_par' dir='ltr' id='par_1_7' title="bbox 263 1272 1986 1375">
     <span class='ocr_line' id='line_1_10' title="bbox 263 1272 1986 1375; baseline -0.002 -25"><span class='ocrx_word' id='word_1_57' title='bbox 263 1282 324 1357; x_wconf 87' lang='lat' dir='ltr'>de·</span> <span class='ocrx_word' id='word_1_58' title='bbox 358 1278 402 1354; x_wconf 93' lang='grc' dir='ltr'>Ο.</span> <span class='ocrx_word' id='word_1_59' title='bbox 460 1277 592 1375; x_wconf 87' lang='lat' dir='ltr'>Sapor,</span> <span class='ocrx_word' id='word_1_60' title='bbox 624 1302 692 1350; x_wconf 86' lang='lat' dir='ltr'>rex</span> <span class='ocrx_word' id='word_1_61' title='bbox 724 1274 935 1368; x_wconf 85' lang='lat' dir='ltr'>Persarum,</span> <span class='ocrx_word' id='word_1_62' title='bbox 961 1335 1422 1352; x_wconf 87' lang='grc'><strong>...................</strong></span> <span class='ocrx_word' id='word_1_63' title='bbox 1433 1272 1732 1364; x_wconf 66' lang='grc'><strong>2276012593.</strong></span> <span class='ocrx_word' id='word_1_64' title='bbox 1902 1276 1986 1348; x_wconf 86' lang='grc'><strong>260.</strong></span> 
     </span>
    </p>

    <p class='ocr_par' dir='ltr' id='par_1_8' title="bbox 264 1374 1682 1477">
     <span class='ocr_line' id='line_1_11' title="bbox 264 1374 1682 1477; baseline -0.007 -21"><span class='ocrx_word' id='word_1_65' title='bbox 264 1395 329 1458; x_wconf 90' lang='lat' dir='ltr'>est.</span> <span class='ocrx_word' id='word_1_66' title='bbox 489 1378 657 1477; x_wconf 83' lang='lat' dir='ltr'>Syriam,</span> <span class='ocrx_word' id='word_1_67' title='bbox 698 1375 865 1450; x_wconf 85' lang='lat' dir='ltr'>Ciliciam</span> <span class='ocrx_word' id='word_1_68' title='bbox 905 1392 941 1453; x_wconf 90' lang='lat' dir='ltr'>et</span> <span class='ocrx_word' id='word_1_69' title='bbox 1431 1375 1621 1448; x_wconf 86' lang='lat' dir='ltr'>Valeriani</span> <span class='ocrx_word' id='word_1_70' title='bbox 1638 1374 1682 1447; x_wconf 91' lang='lat' dir='ltr'>V.</span> 
     </span>
    </p>

    <p class='ocr_par' dir='ltr' id='par_1_9' title="bbox 263 1476 1989 2176">
     <span class='ocr_line' id='line_1_12' title="bbox 486 1476 1735 1575; baseline -0.002 -23"><span class='ocrx_word' id='word_1_71' title='bbox 486 1476 762 1575; x_wconf 89' lang='lat' dir='ltr'>Cappadociam</span> <span class='ocrx_word' id='word_1_72' title='bbox 775 1477 940 1575; x_wconf 88' lang='lat' dir='ltr'>depopu·</span> <span class='ocrx_word' id='word_1_73' title='bbox 1366 1476 1516 1574; x_wconf 84' lang='lat' dir='ltr'>(lemma</span> <span class='ocrx_word' id='word_1_74' title='bbox 1532 1476 1735 1549; x_wconf 87' lang='lat' dir='ltr'>secundnm</span> 
     </span>
     <span class='ocr_line' id='line_1_13' title="bbox 440 1575 1729 1675; baseline -0.002 -24"><span class='ocrx_word' id='word_1_75' title='bbox 440 1605 444 1608; x_wconf 75' lang='grc'><strong><em>’</em></strong></span> <span class='ocrx_word' id='word_1_76' title='bbox 487 1581 583 1652; x_wconf 89' lang='lat' dir='ltr'>latus</span> <span class='ocrx_word' id='word_1_77' title='bbox 612 1592 678 1651; x_wconf 90' lang='lat' dir='ltr'>est.</span> <span class='ocrx_word' id='word_1_78' title='bbox 1372 1575 1633 1675; x_wconf 83' lang='lat' dir='ltr'>Olympiadem</span> <span class='ocrx_word' id='word_1_79' title='bbox 1675 1602 1729 1649; x_wconf 91' lang='lat' dir='ltr'>re·</span> 
     </span>
     <span class='ocr_line' id='line_1_14' title="bbox 1154 1680 1737 1774; baseline -0.002 -23"><span class='ocrx_word' id='word_1_80' title='bbox 1154 1703 1160 1711; x_wconf 89' lang='lat'><strong>·</strong></span> <span class='ocrx_word' id='word_1_81' title='bbox 1373 1680 1737 1774; x_wconf 85' lang='lat' dir='ltr'>sciiptumessecon·</span> 
     </span>
     <span class='ocr_line' id='line_1_15' title="bbox 1370 1776 1526 1874; baseline 0 -22"><span class='ocrx_word' id='word_1_82' title='bbox 1370 1776 1526 1874; x_wconf 87' lang='lat' dir='ltr'>icimus.)</span> 
     </span>
     <span class='ocr_line' id='line_1_16' title="bbox 263 1876 1989 1981; baseline -0.002 -27"><span class='ocrx_word' id='word_1_83' title='bbox 263 1882 309 1959; x_wconf 92' lang='grc' dir='ltr'>Ο.</span> <span class='ocrx_word' id='word_1_84' title='bbox 338 1881 437 1981; x_wconf 84' lang='lat' dir='ltr'>(A¹.)</span> <span class='ocrx_word' id='word_1_85' title='bbox 458 1877 662 1953; x_wconf 90' lang='lat' dir='ltr'>Valeriano</span> <span class='ocrx_word' id='word_1_86' title='bbox 709 1879 746 1950; x_wconf 95' lang='lat' dir='ltr'>in</span> <span class='ocrx_word' id='word_1_87' title='bbox 799 1876 933 1953; x_wconf 88' lang='lat' dir='ltr'>Persas</span> <span class='ocrx_word' id='word_1_88' title='bbox 1039 1879 1340 1972; x_wconf 79' lang='lat'>2274.01.259,3.</span> <span class='ocrx_word' id='word_1_89' title='bbox 1444 1876 1733 1966; x_wconf 80' lang='lat'><strong>2277.01.260,1.</strong></span> <span class='ocrx_word' id='word_1_90' title='bbox 1906 1880 1989 1951; x_wconf 89' lang='grc'><strong>260.</strong></span> 
     </span>
     <span class='ocr_line' id='line_1_17' title="bbox 436 1976 1721 2053; baseline -0.001 -2"><span class='ocrx_word' id='word_1_91' title='bbox 436 1982 439 1991; x_wconf 72' lang='grc'><em>“</em></span> <span class='ocrx_word' id='word_1_92' title='bbox 491 1979 605 2053; x_wconf 91' lang='lat' dir='ltr'>ducto</span> <span class='ocrx_word' id='word_1_93' title='bbox 638 1977 830 2052; x_wconf 86' lang='lat' dir='ltr'>Gallienus</span> <span class='ocrx_word' id='word_1_94' title='bbox 865 2006 930 2052; x_wconf 91' lang='lat' dir='ltr'>no·</span> <span class='ocrx_word' id='word_1_95' title='bbox 1033 1979 1221 2053; x_wconf 90' lang='lat' dir='ltr'>Valeriani</span> <span class='ocrx_word' id='word_1_96' title='bbox 1236 1980 1300 2053; x_wconf 90' lang='lat' dir='ltr'>lll.</span> <span class='ocrx_word' id='word_1_97' title='bbox 1434 1978 1624 2050; x_wconf 84' lang='lat' dir='ltr'>Valeriani</span> <span class='ocrx_word' id='word_1_98' title='bbox 1643 1976 1672 2048; x_wconf 82' lang='lat' dir='ltr'>V</span> <span class='ocrx_word' id='word_1_99' title='bbox 1678 1977 1721 2050; x_wconf 92' lang='lat' dir='ltr'>ll.</span> 
     </span>
     <span class='ocr_line' id='line_1_18' title="bbox 492 2078 912 2176; baseline 0.002 -23"><span class='ocrx_word' id='word_1_100' title='bbox 492 2081 578 2153; x_wconf 91' lang='lat' dir='ltr'>stris</span> <span class='ocrx_word' id='word_1_101' title='bbox 597 2104 726 2176; x_wconf 89' lang='lat' dir='ltr'>pacem</span> <span class='ocrx_word' id='word_1_102' title='bbox 741 2078 912 2154; x_wconf 89' lang='lat' dir='ltr'>reddidit.</span> 
     </span>
    </p>

    <p class='ocr_par' dir='ltr' id='par_1_10' title="bbox 269 2177 2030 2378">
     <span class='ocr_line' id='line_1_19' title="bbox 269 2177 2030 2281; baseline -0.003 -23"><span class='ocrx_word' id='word_1_103' title='bbox 269 2183 317 2258; x_wconf 91' lang='grc' dir='ltr'>Ο.</span> <span class='ocrx_word' id='word_1_104' title='bbox 355 2223 405 2236; x_wconf 94' lang='grc'><strong>-</strong></span> <span class='ocrx_word' id='word_1_105' title='bbox 460 2178 936 2254; x_wconf 87' lang='lat' dir='ltr'>lnAlexandriaBruchium</span> <span class='ocrx_word' id='word_1_106' title='bbox 1040 2180 1338 2272; x_wconf 64' lang='grc'><strong>2281012624.</strong></span> <span class='ocrx_word' id='word_1_107' title='bbox 1441 2177 1741 2269; x_wconf 69' lang='grc'><strong>2286012622.</strong></span> <span class='ocrx_word' id='word_1_108' title='bbox 1913 2181 2030 2281; x_wconf 80' lang='grc'><strong>272,*)</strong></span> 
     </span>
     <span class='ocr_line' id='line_1_20' title="bbox 491 2279 1622 2378; baseline -0.001 -25"><span class='ocrx_word' id='word_1_109' title='bbox 491 2279 808 2378; x_wconf 89' lang='lat' dir='ltr'>quodpermultos</span> <span class='ocrx_word' id='word_1_110' title='bbox 818 2307 937 2354; x_wconf 85' lang='lat' dir='ltr'>annos</span> <span class='ocrx_word' id='word_1_111' title='bbox 1041 2281 1184 2354; x_wconf 83' lang='lat' dir='ltr'>Claudii</span> <span class='ocrx_word' id='word_1_112' title='bbox 1202 2282 1228 2355; x_wconf 94' lang='grc'>1,</span> <span class='ocrx_word' id='word_1_113' title='bbox 1440 2280 1583 2353; x_wconf 81' lang='lat' dir='ltr'>Claudii</span> <span class='ocrx_word' id='word_1_114' title='bbox 1599 2279 1622 2352; x_wconf 94' lang='lat' dir='ltr'>l.</span> 
     </span>
    </p>

    <p class='ocr_par' dir='ltr' id='par_1_11' title="bbox 493 2379 1739 2678">
     <span class='ocr_line' id='line_1_21' title="bbox 493 2379 1737 2481; baseline -0.001 -28"><span class='ocrx_word' id='word_1_115' title='bbox 493 2381 571 2481; x_wconf 74' lang='lat' dir='ltr'>(sic)</span> <span class='ocrx_word' id='word_1_116' title='bbox 595 2382 937 2474; x_wconf 80' lang='lat' dir='ltr'>sueratobsessum‚</span> <span class='ocrx_word' id='word_1_117' title='bbox 1369 2379 1737 2479; x_wconf 77' lang='lat' dir='ltr'>(lemmasecundum</span> 
     </span>
     <span class='ocr_line' id='line_1_22' title="bbox 493 2479 1739 2555; baseline 0 -1"><span class='ocrx_word' id='word_1_118' title='bbox 493 2481 645 2554; x_wconf 89' lang='lat' dir='ltr'>tandem</span> <span class='ocrx_word' id='word_1_119' title='bbox 662 2480 874 2555; x_wconf 90' lang='lat' dir='ltr'>destruitur.</span> <span class='ocrx_word' id='word_1_120' title='bbox 1389 2507 1418 2552; x_wconf 88' lang='lat' dir='ltr'>a.</span> <span class='ocrx_word' id='word_1_121' title='bbox 1454 2479 1598 2555; x_wconf 88' lang='lat' dir='ltr'>Claudii</span> <span class='ocrx_word' id='word_1_122' title='bbox 1628 2480 1651 2553; x_wconf 91' lang='grc'>1.</span> <span class='ocrx_word' id='word_1_123' title='bbox 1685 2507 1739 2554; x_wconf 90' lang='lat' dir='ltr'>re·</span> 
     </span>
     <span class='ocr_line' id='line_1_23' title="bbox 1386 2581 1591 2678; baseline -0.015 -24"><span class='ocrx_word' id='word_1_124' title='bbox 1386 2581 1591 2678; x_wconf 81' lang='lat' dir='ltr'>scripturn.)</span> 
     </span>
    </p>

    <p class='ocr_par' dir='ltr' id='par_1_12' title="bbox 271 2680 2158 3359">
     <span class='ocr_line' id='line_1_24' title="bbox 271 2680 2158 2780; baseline -0.002 -20"><span class='ocrx_word' id='word_1_125' title='bbox 271 2687 340 2760; x_wconf 78' lang='lat' dir='ltr'>A².</span> <span class='ocrx_word' id='word_1_126' title='bbox 376 2687 443 2759; x_wconf 71' lang='lat' dir='ltr'>A’.</span> <span class='ocrx_word' id='word_1_127' title='bbox 464 2682 946 2780; x_wconf 83' lang='lat' dir='ltr'>Aurelianus&#39;letricoapud</span> <span class='ocrx_word' id='word_1_128' title='bbox 1039 2681 1336 2775; x_wconf 79' lang='lat'>2289.01.263‚2.</span> <span class='ocrx_word' id='word_1_129' title='bbox 1440 2684 1536 2753; x_wconf 88' lang='grc'><strong>2289</strong></span> <span class='ocrx_word' id='word_1_130' title='bbox 1562 2680 1737 2772; x_wconf 58' lang='grc'><strong>(112661.</strong></span> <span class='ocrx_word' id='word_1_131' title='bbox 1757 2681 1940 2756; x_wconf 84' lang='lat' dir='ltr'>Zenobiae</span> <span class='ocrx_word' id='word_1_132' title='bbox 1957 2682 2158 2756; x_wconf 88' lang='lat' dir='ltr'>cladesex·</span> 
     </span>
     <span class='ocr_line' id='line_1_25' title="bbox 493 2780 2030 2880; baseline 0.002 -26"><span class='ocrx_word' id='word_1_133' title='bbox 493 2783 719 2877; x_wconf 85' lang='lat' dir='ltr'>Catalaunos</span> <span class='ocrx_word' id='word_1_134' title='bbox 752 2783 934 2880; x_wconf 87' lang='lat' dir='ltr'>prodente</span> <span class='ocrx_word' id='word_1_135' title='bbox 1036 2784 1269 2858; x_wconf 87' lang='lat' dir='ltr'>Aurelianil.</span> <span class='ocrx_word' id='word_1_136' title='bbox 1431 2783 1622 2855; x_wconf 88' lang='lat' dir='ltr'>Aureliani</span> <span class='ocrx_word' id='word_1_137' title='bbox 1637 2783 1682 2861; x_wconf 87' lang='lat' dir='ltr'>ll.</span> <span class='ocrx_word' id='word_1_138' title='bbox 1754 2800 1863 2858; x_wconf 90' lang='lat' dir='ltr'>eunte</span> <span class='ocrx_word' id='word_1_139' title='bbox 1893 2808 1921 2858; x_wconf 88' lang='lat' dir='ltr'>a.</span> <span class='ocrx_word' id='word_1_140' title='bbox 1949 2780 2030 2857; x_wconf 82' lang='grc'><strong>271.</strong></span> 
     </span>
     <span class='ocr_line' id='line_1_26' title="bbox 495 2882 1428 2957; baseline -0.003 -1"><span class='ocrx_word' id='word_1_141' title='bbox 495 2884 700 2956; x_wconf 84' lang='lat' dir='ltr'>exercitum</span> <span class='ocrx_word' id='word_1_142' title='bbox 721 2910 827 2957; x_wconf 91' lang='lat' dir='ltr'>suum</span> <span class='ocrx_word' id='word_1_143' title='bbox 851 2882 947 2957; x_wconf 72' lang='lat' dir='ltr'>Gai·</span> <span class='ocrx_word' id='word_1_144' title='bbox 1405 2890 1428 2941; x_wconf 67' lang='grc' dir='ltr'>Ι</span> 
     </span>
     <span class='ocr_line' id='line_1_27' title="bbox 496 2983 938 3080; baseline 0.002 -25"><span class='ocrx_word' id='word_1_145' title='bbox 496 2985 565 3056; x_wconf 88' lang='lat' dir='ltr'>lias</span> <span class='ocrx_word' id='word_1_146' title='bbox 585 2987 737 3080; x_wconf 88' lang='lat' dir='ltr'>recepit.</span> <span class='ocrx_word' id='word_1_147' title='bbox 771 2983 938 3057; x_wconf 89' lang='lat' dir='ltr'>Zenobia</span> 
     </span>
     <span class='ocr_line' id='line_1_28' title="bbox 496 3085 936 3180; baseline 0 -24"><span class='ocrx_word' id='word_1_148' title='bbox 496 3098 585 3180; x_wconf 91' lang='lat' dir='ltr'>aput</span> <span class='ocrx_word' id='word_1_149' title='bbox 639 3085 775 3157; x_wconf 83' lang='lat' dir='ltr'>immas</span> <span class='ocrx_word' id='word_1_150' title='bbox 838 3085 936 3158; x_wconf 89' lang='lat' dir='ltr'>haud</span> 
     </span>
     <span class='ocr_line' id='line_1_29' title="bbox 497 3186 941 3284; baseline 0 -27"><span class='ocrx_word' id='word_1_151' title='bbox 497 3187 608 3284; x_wconf 81' lang='lat' dir='ltr'>longe</span> <span class='ocrx_word' id='word_1_152' title='bbox 655 3186 701 3259; x_wconf 90' lang='lat' dir='ltr'>ab</span> <span class='ocrx_word' id='word_1_153' title='bbox 740 3187 941 3259; x_wconf 83' lang='lat' dir='ltr'>Antiochia</span> 
     </span>
     <span class='ocr_line' id='line_1_30' title="bbox 498 3300 666 3359; baseline 0.006 -1"><span class='ocrx_word' id='word_1_154' title='bbox 498 3300 666 3359; x_wconf 84' lang='lat' dir='ltr'>vincitur.</span> 
     </span>
    </p>

    <p class='ocr_par' dir='ltr' id='par_1_13' title="bbox 277 3383 1994 3685">
     <span class='ocr_line' id='line_1_31' title="bbox 277 3383 1994 3477; baseline -0.002 -17"><span class='ocrx_word' id='word_1_155' title='bbox 277 3434 325 3444; x_wconf 95' lang='lat'><strong>—</strong></span> <span class='ocrx_word' id='word_1_156' title='bbox 378 3391 446 3464; x_wconf 74' lang='lat' dir='ltr'>A2.</span> <span class='ocrx_word' id='word_1_157' title='bbox 464 3386 668 3477; x_wconf 81' lang='lat' dir='ltr'>Eusebius,</span> <span class='ocrx_word' id='word_1_158' title='bbox 703 3388 938 3460; x_wconf 87' lang='lat' dir='ltr'>Laodicenus</span> <span class='ocrx_word' id='word_1_159' title='bbox 1042 3388 1147 3459; x_wconf 82' lang='lat'><strong>2292.</strong></span> <span class='ocrx_word' id='word_1_160' title='bbox 1162 3383 1339 3475; x_wconf 66' lang='lat' dir='ltr'>Oltaat.</span> <span class='ocrx_word' id='word_1_161' title='bbox 1442 3384 1741 3477; x_wconf 65' lang='grc'><strong>2290012632,</strong></span> <span class='ocrx_word' id='word_1_162' title='bbox 1913 3385 1994 3457; x_wconf 82' lang='grc'><strong>272.</strong></span> 
     </span>
     <span class='ocr_line' id='line_1_32' title="bbox 497 3486 1700 3585; baseline 0 -25"><span class='ocrx_word' id='word_1_163' title='bbox 497 3488 934 3585; x_wconf 70' lang='lat' dir='ltr'>episcopusinsignisha-</span> <span class='ocrx_word' id='word_1_164' title='bbox 1036 3488 1227 3560; x_wconf 89' lang='lat' dir='ltr'>Aureliani</span> <span class='ocrx_word' id='word_1_165' title='bbox 1245 3487 1321 3558; x_wconf 89' lang='lat' dir='ltr'>llll.</span> <span class='ocrx_word' id='word_1_166' title='bbox 1435 3488 1626 3559; x_wconf 89' lang='lat' dir='ltr'>Aureliani</span> <span class='ocrx_word' id='word_1_167' title='bbox 1640 3486 1700 3560; x_wconf 91' lang='lat' dir='ltr'>lll.</span> 
     </span>
     <span class='ocr_line' id='line_1_33' title="bbox 498 3588 1403 3685; baseline -0.002 -25"><span class='ocrx_word' id='word_1_168' title='bbox 498 3589 616 3660; x_wconf 85' lang='lat' dir='ltr'>betur.</span> <span class='ocrx_word' id='word_1_169' title='bbox 684 3661 693 3676; x_wconf 72' lang='lat'>‚</span> <span class='ocrx_word' id='word_1_170' title='bbox 988 3588 1403 3685; x_wconf 82' lang='lat' dir='ltr'>(lemmalocornotum.)</span> 
     </span>
    </p>

    <p class='ocr_par' dir='ltr' id='par_1_14' title="bbox 277 3685 2163 3862">
     <span class='ocr_line' id='line_1_34' title="bbox 277 3685 2162 3782; baseline -0.003 -20"><span class='ocrx_word' id='word_1_171' title='bbox 277 3734 326 3745; x_wconf 95' lang='lat'>-</span> <span class='ocrx_word' id='word_1_172' title='bbox 377 3687 606 3762; x_wconf 77' lang='lat' dir='ltr'>A².Insana</span> <span class='ocrx_word' id='word_1_173' title='bbox 640 3687 943 3761; x_wconf 87' lang='lat' dir='ltr'>Manichaeorum</span> <span class='ocrx_word' id='word_1_174' title='bbox 1048 3687 1344 3778; x_wconf 84' lang='grc'><strong>2298.01.265,3.</strong></span> <span class='ocrx_word' id='word_1_175' title='bbox 1448 3690 1553 3762; x_wconf 84' lang='grc'><strong>2295,</strong></span> <span class='ocrx_word' id='word_1_176' title='bbox 1569 3687 1745 3779; x_wconf 56' lang='grc'><strong>012613.</strong></span> <span class='ocrx_word' id='word_1_177' title='bbox 1766 3685 1894 3759; x_wconf 85' lang='lat' dir='ltr'>Manes</span> <span class='ocrx_word' id='word_1_178' title='bbox 1910 3687 2092 3782; x_wconf 90' lang='lat' dir='ltr'>supplicio</span> <span class='ocrx_word' id='word_1_179' title='bbox 2110 3687 2162 3757; x_wconf 84' lang='lat' dir='ltr'>as·</span> 
     </span>
     <span class='ocr_line' id='line_1_35' title="bbox 500 3785 2163 3862; baseline -0.001 0"><span class='ocrx_word' id='word_1_180' title='bbox 500 3790 665 3862; x_wconf 87' lang='lat' dir='ltr'>haeresis</span> <span class='ocrx_word' id='word_1_181' title='bbox 688 3789 943 3862; x_wconf 89' lang='lat' dir='ltr'>incommune</span> <span class='ocrx_word' id='word_1_182' title='bbox 1047 3788 1159 3862; x_wconf 89' lang='lat' dir='ltr'>Probi</span> <span class='ocrx_word' id='word_1_183' title='bbox 1177 3788 1255 3860; x_wconf 89' lang='lat' dir='ltr'>llll.</span> <span class='ocrx_word' id='word_1_184' title='bbox 1442 3789 1556 3862; x_wconf 90' lang='lat' dir='ltr'>Probi</span> <span class='ocrx_word' id='word_1_185' title='bbox 1571 3789 1616 3861; x_wconf 90' lang='lat' dir='ltr'>ll.</span> <span class='ocrx_word' id='word_1_186' title='bbox 1763 3785 2163 3861; x_wconf 82' lang='lat' dir='ltr'>fectusestm.Marti0</span> 
     </span>
    </p>

    <p class='ocr_par' dir='ltr' id='par_1_15' title="bbox 414 3888 1841 4064">
     <span class='ocr_line' id='line_1_36' title="bbox 414 3888 1841 3986; baseline -0.001 -24"><span class='ocrx_word' id='word_1_187' title='bbox 414 3889 418 3892; x_wconf 41' lang='lat'><em>¹</em></span> <span class='ocrx_word' id='word_1_188' title='bbox 501 3890 652 3962; x_wconf 90' lang='lat' dir='ltr'>humani</span> <span class='ocrx_word' id='word_1_189' title='bbox 683 3893 829 3985; x_wconf 70' lang='lat' dir='ltr'>generis</span> <span class='ocrx_word' id='word_1_190' title='bbox 872 3914 945 3962; x_wconf 88' lang='lat' dir='ltr'>ma·</span> <span class='ocrx_word' id='word_1_191' title='bbox 975 3890 1409 3986; x_wconf 74' lang='lat' dir='ltr'>(lemmaloconrotum.)</span> <span class='ocrx_word' id='word_1_192' title='bbox 1761 3888 1841 3960; x_wconf 80' lang='lat'>277.</span> 
     </span>
     <span class='ocr_line' id='line_1_37' title="bbox 499 3992 738 4064; baseline 0 -2"><span class='ocrx_word' id='word_1_193' title='bbox 499 3992 577 4064; x_wconf 88' lang='lat' dir='ltr'>lum</span> <span class='ocrx_word' id='word_1_194' title='bbox 605 4001 738 4062; x_wconf 87' lang='lat' dir='ltr'>exorta</span> 
     </span>
    </p>

    <p class='ocr_par' dir='ltr' id='par_1_16' title="bbox 279 4086 2071 4493">
     <span class='ocr_line' id='line_1_38' title="bbox 279 4086 2071 4180; baseline -0.004 -11"><span class='ocrx_word' id='word_1_195' title='bbox 279 4096 349 4169; x_wconf 50' lang='grc' dir='ltr'>Αἱ.</span> <span class='ocrx_word' id='word_1_196' title='bbox 376 4134 426 4147; x_wconf 94' lang='grc'>-</span> <span class='ocrx_word' id='word_1_197' title='bbox 469 4090 937 4165; x_wconf 83' lang='lat' dir='ltr'>ConstantiusetGalerius</span> <span class='ocrx_word' id='word_1_198' title='bbox 1040 4086 1337 4180; x_wconf 69' lang='lat' dir='ltr'>ambolasse.</span> <span class='ocrx_word' id='word_1_199' title='bbox 1441 4092 1545 4164; x_wconf 83' lang='lat'>2306.</span> <span class='ocrx_word' id='word_1_200' title='bbox 1564 4088 1739 4178; x_wconf 78' lang='lat' dir='ltr'>Ol.2bl,2.</span> <span class='ocrx_word' id='word_1_201' title='bbox 1759 4087 1791 4164; x_wconf 92' lang='lat' dir='ltr'>d.</span> <span class='ocrx_word' id='word_1_202' title='bbox 1806 4092 1839 4162; x_wconf 91' lang='lat'>1.</span> <span class='ocrx_word' id='word_1_203' title='bbox 1854 4087 1974 4163; x_wconf 89' lang='lat' dir='ltr'>Martii</span> <span class='ocrx_word' id='word_1_204' title='bbox 1990 4088 2071 4161; x_wconf 87' lang='grc'><strong>292.</strong></span> 
     </span>
     <span class='ocr_line' id='line_1_39' title="bbox 502 4190 1717 4266; baseline 0 -2"><span class='ocrx_word' id='word_1_205' title='bbox 502 4191 750 4264; x_wconf 88' lang='lat' dir='ltr'>Maximianus</span> <span class='ocrx_word' id='word_1_206' title='bbox 796 4192 933 4266; x_wconf 90' lang='lat' dir='ltr'>Caesar</span> <span class='ocrx_word' id='word_1_207' title='bbox 1034 4190 1337 4263; x_wconf 87' lang='lat' dir='ltr'>DiocletianiVIl.</span> <span class='ocrx_word' id='word_1_208' title='bbox 1440 4190 1660 4265; x_wconf 79' lang='lat' dir='ltr'>Diocletiani</span> <span class='ocrx_word' id='word_1_209' title='bbox 1676 4190 1717 4264; x_wconf 77' lang='lat' dir='ltr'>V.</span> 
     </span>
     <span class='ocr_line' id='line_1_40' title="bbox 503 4292 1743 4381; baseline -0.002 -15"><span class='ocrx_word' id='word_1_210' title='bbox 503 4293 750 4366; x_wconf 90' lang='lat' dir='ltr'>adsumuntur</span> <span class='ocrx_word' id='word_1_211' title='bbox 788 4295 824 4365; x_wconf 95' lang='lat' dir='ltr'>in</span> <span class='ocrx_word' id='word_1_212' title='bbox 875 4320 928 4366; x_wconf 93' lang='lat' dir='ltr'>re·</span> <span class='ocrx_word' id='word_1_213' title='bbox 1401 4292 1743 4381; x_wconf 80' lang='lat' dir='ltr'>(lemmalocomo</span> 
     </span>
     <span class='ocr_line' id='line_1_41' title="bbox 503 4391 1519 4493; baseline -0.002 -28"><span class='ocrx_word' id='word_1_214' title='bbox 503 4419 629 4492; x_wconf 80' lang='lat' dir='ltr'>guum.</span> <span class='ocrx_word' id='word_1_215' title='bbox 1156 4480 1160 4493; x_wconf 26' lang='grc' dir='ltr'><strong><em>Ι</em></strong></span> <span class='ocrx_word' id='word_1_216' title='bbox 1415 4391 1519 4488; x_wconf 87' lang='lat' dir='ltr'>tum.)</span> 
     </span>
    </p>
   </div>
   <div class='ocr_carea' id='block_1_5' title="bbox 1816 517 2109 602">
    <p class='ocr_par' dir='ltr' id='par_1_17' title="bbox 1816 517 2109 602">
     <span class='ocr_line' id='line_1_42' title="bbox 1816 517 2109 602; baseline 0.014 -21"><span class='ocrx_word' id='word_1_217' title='bbox 1816 517 1959 602; x_wconf 81' lang='lat' dir='ltr'>Tempus</span> <span class='ocrx_word' id='word_1_218' title='bbox 1984 539 2109 585; x_wconf 87' lang='lat' dir='ltr'>verum.</span> 
     </span>
    </p>
   </div>
   <div class='ocr_carea' id='block_1_6' title="bbox 283 4565 2169 5598">
    <p class='ocr_par' dir='ltr' id='par_1_18' title="bbox 283 4565 2169 5598">
     <span class='ocr_line' id='line_1_43' title="bbox 457 4565 2166 4654; baseline 0.001 -23"><span class='ocrx_word' id='word_1_219' title='bbox 457 4570 488 4654; x_wconf 65' lang='lat'>⁸)</span> <span class='ocrx_word' id='word_1_220' title='bbox 511 4567 564 4631; x_wconf 83' lang='lat' dir='ltr'>Ex</span> <span class='ocrx_word' id='word_1_221' title='bbox 586 4567 674 4635; x_wconf 85' lang='lat' dir='ltr'>Hist.</span> <span class='ocrx_word' id='word_1_222' title='bbox 707 4567 785 4632; x_wconf 89' lang='lat' dir='ltr'>eccl.</span> <span class='ocrx_word' id='word_1_223' title='bbox 811 4566 891 4651; x_wconf 83' lang='lat' dir='ltr'>Vll,</span> <span class='ocrx_word' id='word_1_224' title='bbox 921 4567 963 4631; x_wconf 86' lang='grc'>32</span> <span class='ocrx_word' id='word_1_225' title='bbox 994 4565 1121 4630; x_wconf 89' lang='lat' dir='ltr'>sublata</span> <span class='ocrx_word' id='word_1_226' title='bbox 1143 4589 1254 4630; x_wconf 90' lang='lat' dir='ltr'>eorum</span> <span class='ocrx_word' id='word_1_227' title='bbox 1285 4587 1366 4649; x_wconf 89' lang='lat' dir='ltr'>quae</span> <span class='ocrx_word' id='word_1_228' title='bbox 1397 4567 1522 4631; x_wconf 91' lang='lat' dir='ltr'>duobus</span> <span class='ocrx_word' id='word_1_229' title='bbox 1545 4569 1698 4653; x_wconf 89' lang='lat' dir='ltr'>episcopis</span> <span class='ocrx_word' id='word_1_230' title='bbox 1721 4567 1929 4651; x_wconf 80' lang='lat' dir='ltr'>Laodicenis,</span> <span class='ocrx_word' id='word_1_231' title='bbox 1959 4566 2101 4632; x_wconf 85' lang='lat' dir='ltr'>Eusebio</span> <span class='ocrx_word' id='word_1_232' title='bbox 2132 4583 2166 4633; x_wconf 88' lang='lat' dir='ltr'>et</span> 
     </span>
     <span class='ocr_line' id='line_1_44' title="bbox 289 4670 2167 4758; baseline -0.001 -20"><span class='ocrx_word' id='word_1_233' title='bbox 289 4675 451 4758; x_wconf 81' lang='lat' dir='ltr'>Anatolio,</span> <span class='ocrx_word' id='word_1_234' title='bbox 474 4673 669 4752; x_wconf 85' lang='lat' dir='ltr'>acciderunt,</span> <span class='ocrx_word' id='word_1_235' title='bbox 692 4672 876 4737; x_wconf 82' lang='lat' dir='ltr'>confusione</span> <span class='ocrx_word' id='word_1_236' title='bbox 898 4671 938 4734; x_wconf 88' lang='lat' dir='ltr'>ab</span> <span class='ocrx_word' id='word_1_237' title='bbox 960 4672 1029 4757; x_wconf 90' lang='lat' dir='ltr'>ipso</span> <span class='ocrx_word' id='word_1_238' title='bbox 1043 4670 1185 4735; x_wconf 84' lang='lat' dir='ltr'>Eusebio</span> <span class='ocrx_word' id='word_1_239' title='bbox 1207 4671 1349 4757; x_wconf 82' lang='lat' dir='ltr'>prolecta</span> <span class='ocrx_word' id='word_1_240' title='bbox 1364 4671 1547 4734; x_wconf 84' lang='lat' dir='ltr'>Brucheurn</span> <span class='ocrx_word' id='word_1_241' title='bbox 1571 4683 1790 4756; x_wconf 82' lang='lat' dir='ltr'>expugnatum</span> <span class='ocrx_word' id='word_1_242' title='bbox 1813 4695 1883 4736; x_wconf 90' lang='lat' dir='ltr'>esse</span> <span class='ocrx_word' id='word_1_243' title='bbox 1905 4672 2065 4757; x_wconf 72' lang='lat' dir='ltr'>colligitur</span> <span class='ocrx_word' id='word_1_244' title='bbox 2086 4696 2167 4737; x_wconf 91' lang='lat' dir='ltr'>con-</span> 
     </span>
     <span class='ocr_line' id='line_1_45' title="bbox 284 4775 2167 4867; baseline 0.001 -25"><span class='ocrx_word' id='word_1_245' title='bbox 284 4782 376 4842; x_wconf 89' lang='lat' dir='ltr'>tinuo</span> <span class='ocrx_word' id='word_1_246' title='bbox 397 4792 474 4840; x_wconf 88' lang='lat' dir='ltr'>ante</span> <span class='ocrx_word' id='word_1_247' title='bbox 496 4778 665 4841; x_wconf 90' lang='lat' dir='ltr'>concilium</span> <span class='ocrx_word' id='word_1_248' title='bbox 696 4789 765 4862; x_wconf 92' lang='lat' dir='ltr'>post</span> <span class='ocrx_word' id='word_1_249' title='bbox 788 4776 946 4840; x_wconf 87' lang='lat' dir='ltr'>Zenobiae</span> <span class='ocrx_word' id='word_1_250' title='bbox 976 4776 1101 4837; x_wconf 86' lang='lat' dir='ltr'>ruinam</span> <span class='ocrx_word' id='word_1_251' title='bbox 1125 4775 1303 4838; x_wconf 89' lang='lat' dir='ltr'>Aureliano</span> <span class='ocrx_word' id='word_1_252' title='bbox 1332 4779 1537 4860; x_wconf 87' lang='lat' dir='ltr'>permittente</span> <span class='ocrx_word' id='word_1_253' title='bbox 1567 4777 1721 4867; x_wconf 65' lang='lat' dir='ltr'>adversus</span> <span class='ocrx_word' id='word_1_254' title='bbox 1751 4777 1889 4840; x_wconf 88' lang='lat' dir='ltr'>Paulum</span> <span class='ocrx_word' id='word_1_255' title='bbox 1918 4780 2167 4843; x_wconf 61' lang='lat' dir='ltr'>samosatenum</span> 
     </span>
     <span class='ocr_line' id='line_1_46' title="bbox 284 4879 2167 4969; baseline -0.001 -22"><span class='ocrx_word' id='word_1_256' title='bbox 284 4895 526 4969; x_wconf 75' lang='lat' dir='ltr'>congregatum.</span> <span class='ocrx_word' id='word_1_257' title='bbox 569 4882 613 4946; x_wconf 85' lang='lat' dir='ltr'>Et</span> <span class='ocrx_word' id='word_1_258' title='bbox 641 4881 800 4945; x_wconf 85' lang='lat' dir='ltr'>Zenobiae</span> <span class='ocrx_word' id='word_1_259' title='bbox 833 4881 963 4963; x_wconf 88' lang='lat' dir='ltr'>quidem</span> <span class='ocrx_word' id='word_1_260' title='bbox 994 4879 1240 4943; x_wconf 87' lang='lat' dir='ltr'>dominationem</span> <span class='ocrx_word' id='word_1_261' title='bbox 1271 4881 1305 4942; x_wconf 93' lang='lat' dir='ltr'>in</span> <span class='ocrx_word' id='word_1_262' title='bbox 1327 4881 1480 4965; x_wconf 86' lang='lat' dir='ltr'>Aegypto</span> <span class='ocrx_word' id='word_1_263' title='bbox 1508 4882 1638 4945; x_wconf 88' lang='lat' dir='ltr'>ineunte</span> <span class='ocrx_word' id='word_1_264' title='bbox 1661 4893 1814 4945; x_wconf 89' lang='lat' dir='ltr'>autumno</span> <span class='ocrx_word' id='word_1_265' title='bbox 1836 4884 1894 4946; x_wconf 82' lang='lat'>271</span> <span class='ocrx_word' id='word_1_266' title='bbox 1924 4884 2018 4945; x_wconf 82' lang='lat' dir='ltr'>finem</span> <span class='ocrx_word' id='word_1_267' title='bbox 2040 4883 2167 4969; x_wconf 73' lang='lat' dir='ltr'>cepisse</span> 
     </span>
     <span class='ocr_line' id='line_1_47' title="bbox 284 4985 2165 5067; baseline 0 -15"><span class='ocrx_word' id='word_1_268' title='bbox 284 4988 442 5052; x_wconf 85' lang='lat' dir='ltr'>Alfredus</span> <span class='ocrx_word' id='word_1_269' title='bbox 476 5009 495 5050; x_wconf 88' lang='lat' dir='ltr'>a</span> <span class='ocrx_word' id='word_1_270' title='bbox 523 4986 622 5051; x_wconf 89' lang='lat' dir='ltr'>Sallet</span> <span class='ocrx_word' id='word_1_271' title='bbox 649 4987 804 5063; x_wconf 77' lang='lat' dir='ltr'>(Ftlrsten</span> <span class='ocrx_word' id='word_1_272' title='bbox 827 5008 888 5048; x_wconf 85' lang='lat' dir='ltr'>von</span> <span class='ocrx_word' id='word_1_273' title='bbox 912 4985 1073 5067; x_wconf 89' lang='lat' dir='ltr'>Palmyra,</span> <span class='ocrx_word' id='word_1_274' title='bbox 1096 5006 1127 5066; x_wconf 92' lang='lat' dir='ltr'>p.</span> <span class='ocrx_word' id='word_1_275' title='bbox 1150 4985 1190 5045; x_wconf 78' lang='grc'>65</span> <span class='ocrx_word' id='word_1_276' title='bbox 1209 4986 1268 5059; x_wconf 81' lang='lat' dir='ltr'>ss.)</span> <span class='ocrx_word' id='word_1_277' title='bbox 1299 5006 1339 5048; x_wconf 83' lang='lat' dir='ltr'>ex</span> <span class='ocrx_word' id='word_1_278' title='bbox 1365 4987 1504 5047; x_wconf 90' lang='lat' dir='ltr'>nummis</span> <span class='ocrx_word' id='word_1_279' title='bbox 1524 4986 1648 5060; x_wconf 85' lang='lat' dir='ltr'>effecit;</span> <span class='ocrx_word' id='word_1_280' title='bbox 1671 4997 1707 5049; x_wconf 95' lang='lat' dir='ltr'>ut</span> <span class='ocrx_word' id='word_1_281' title='bbox 1729 5007 1805 5050; x_wconf 86' lang='lat' dir='ltr'>vero</span> <span class='ocrx_word' id='word_1_282' title='bbox 1826 5009 1901 5050; x_wconf 88' lang='lat' dir='ltr'>cum</span> <span class='ocrx_word' id='word_1_283' title='bbox 1930 4987 2041 5051; x_wconf 89' lang='lat' dir='ltr'>eodem</span> <span class='ocrx_word' id='word_1_284' title='bbox 2067 4990 2165 5052; x_wconf 87' lang='lat' dir='ltr'>etiam</span> 
     </span>
     <span class='ocr_line' id='line_1_48' title="bbox 285 5087 2167 5177; baseline 0 -20"><span class='ocrx_word' id='word_1_285' title='bbox 285 5092 471 5176; x_wconf 75' lang='lat' dir='ltr'>Palmyram</span> <span class='ocrx_word' id='word_1_286' title='bbox 495 5106 629 5177; x_wconf 86' lang='lat' dir='ltr'>captam,</span> <span class='ocrx_word' id='word_1_287' title='bbox 651 5091 847 5155; x_wconf 88' lang='lat' dir='ltr'>Antiochum</span> <span class='ocrx_word' id='word_1_288' title='bbox 869 5103 902 5153; x_wconf 88' lang='lat' dir='ltr'>et</span> <span class='ocrx_word' id='word_1_289' title='bbox 923 5090 1069 5152; x_wconf 87' lang='lat' dir='ltr'>Firmum</span> <span class='ocrx_word' id='word_1_290' title='bbox 1093 5087 1231 5152; x_wconf 87' lang='lat' dir='ltr'>subinde</span> <span class='ocrx_word' id='word_1_291' title='bbox 1253 5089 1459 5172; x_wconf 76' lang='lat' dir='ltr'>rebellantes,</span> <span class='ocrx_word' id='word_1_292' title='bbox 1483 5090 1613 5154; x_wconf 87' lang='lat' dir='ltr'>eosdem</span> <span class='ocrx_word' id='word_1_293' title='bbox 1645 5091 1815 5156; x_wconf 85' lang='lat' dir='ltr'>debellatos</span> <span class='ocrx_word' id='word_1_294' title='bbox 1845 5095 1878 5156; x_wconf 92' lang='lat' dir='ltr'>in</span> <span class='ocrx_word' id='word_1_295' title='bbox 1907 5093 2064 5155; x_wconf 91' lang='lat' dir='ltr'>relicuum</span> <span class='ocrx_word' id='word_1_296' title='bbox 2094 5094 2167 5157; x_wconf 91' lang='lat' dir='ltr'>eius</span> 
     </span>
     <span class='ocr_line' id='line_1_49' title="bbox 283 5194 2167 5282; baseline 0.001 -21"><span class='ocrx_word' id='word_1_297' title='bbox 283 5204 359 5261; x_wconf 88' lang='lat' dir='ltr'>anni</span> <span class='ocrx_word' id='word_1_298' title='bbox 389 5198 526 5282; x_wconf 87' lang='lat' dir='ltr'>spatium</span> <span class='ocrx_word' id='word_1_299' title='bbox 561 5210 752 5279; x_wconf 80' lang='lat' dir='ltr'>coartemus,</span> <span class='ocrx_word' id='word_1_300' title='bbox 781 5194 861 5258; x_wconf 92' lang='lat' dir='ltr'>nihil</span> <span class='ocrx_word' id='word_1_301' title='bbox 888 5206 936 5258; x_wconf 87' lang='lat' dir='ltr'>est</span> <span class='ocrx_word' id='word_1_302' title='bbox 965 5194 1050 5278; x_wconf 90' lang='lat' dir='ltr'>quod</span> <span class='ocrx_word' id='word_1_303' title='bbox 1079 5215 1134 5257; x_wconf 92' lang='lat' dir='ltr'>nos</span> <span class='ocrx_word' id='word_1_304' title='bbox 1168 5213 1271 5279; x_wconf 79' lang='lat' dir='ltr'>cogat.</span> <span class='ocrx_word' id='word_1_305' title='bbox 1328 5195 1396 5258; x_wconf 92' lang='lat' dir='ltr'>lmo</span> <span class='ocrx_word' id='word_1_306' title='bbox 1425 5195 1587 5258; x_wconf 91' lang='lat' dir='ltr'>annalium</span> <span class='ocrx_word' id='word_1_307' title='bbox 1618 5199 1768 5260; x_wconf 88' lang='lat' dir='ltr'>memoria</span> <span class='ocrx_word' id='word_1_308' title='bbox 1792 5210 1825 5259; x_wconf 93' lang='lat' dir='ltr'>ut</span> <span class='ocrx_word' id='word_1_309' title='bbox 1847 5197 1972 5281; x_wconf 84' lang='lat' dir='ltr'>longius</span> <span class='ocrx_word' id='word_1_310' title='bbox 1991 5197 2039 5258; x_wconf 89' lang='lat' dir='ltr'>his</span> <span class='ocrx_word' id='word_1_311' title='bbox 2063 5197 2167 5262; x_wconf 87' lang='lat' dir='ltr'>rebus</span> 
     </span>
     <span class='ocr_line' id='line_1_50' title="bbox 291 5298 2169 5391; baseline 0.002 -26"><span class='ocrx_word' id='word_1_312' title='bbox 291 5303 439 5366; x_wconf 91' lang='lat' dir='ltr'>omnibus</span> <span class='ocrx_word' id='word_1_313' title='bbox 462 5301 667 5364; x_wconf 89' lang='lat' dir='ltr'>intervallum</span> <span class='ocrx_word' id='word_1_314' title='bbox 691 5301 852 5364; x_wconf 78' lang='lat' dir='ltr'>vindicare</span> <span class='ocrx_word' id='word_1_315' title='bbox 875 5299 1012 5378; x_wconf 81' lang='lat' dir='ltr'>videtur,</span> <span class='ocrx_word' id='word_1_316' title='bbox 1034 5299 1079 5361; x_wconf 87' lang='lat' dir='ltr'>ita</span> <span class='ocrx_word' id='word_1_317' title='bbox 1101 5299 1129 5362; x_wconf 86' lang='lat' dir='ltr'>F</span> <span class='ocrx_word' id='word_1_318' title='bbox 1131 5298 1202 5362; x_wconf 88' lang='lat' dir='ltr'>irnii</span> <span class='ocrx_word' id='word_1_319' title='bbox 1227 5300 1355 5363; x_wconf 84' lang='lat' dir='ltr'>rebellis</span> <span class='ocrx_word' id='word_1_320' title='bbox 1383 5303 1620 5386; x_wconf 71' lang='lat' dir='ltr'>oppressionem</span> <span class='ocrx_word' id='word_1_321' title='bbox 1651 5324 1788 5382; x_wconf 59' lang='lat' dir='ltr'>(iuncum</span> <span class='ocrx_word' id='word_1_322' title='bbox 1817 5300 2169 5391; x_wconf 31' lang='lat' dir='ltr'>Bruchcifdiutissime</span> 
     </span>
     <span class='ocr_line' id='line_1_51' title="bbox 286 5404 2168 5491; baseline 0.002 -21"><span class='ocrx_word' id='word_1_323' title='bbox 286 5407 406 5471; x_wconf 87' lang='lat' dir='ltr'>obsessi</span> <span class='ocrx_word' id='word_1_324' title='bbox 431 5408 626 5491; x_wconf 84' lang='lat' dir='ltr'>oppugnatio</span> <span class='ocrx_word' id='word_1_325' title='bbox 649 5405 735 5469; x_wconf 91' lang='lat' dir='ltr'>haud</span> <span class='ocrx_word' id='word_1_326' title='bbox 757 5405 853 5468; x_wconf 90' lang='lat' dir='ltr'>dubie</span> <span class='ocrx_word' id='word_1_327' title='bbox 875 5406 1042 5468; x_wconf 87' lang='lat' dir='ltr'>coniuncta</span> <span class='ocrx_word' id='word_1_328' title='bbox 1063 5418 1122 5480; x_wconf 85' lang='lat' dir='ltr'>est,</span> <span class='ocrx_word' id='word_1_329' title='bbox 1146 5404 1177 5465; x_wconf 90' lang='lat' dir='ltr'>in</span> <span class='ocrx_word' id='word_1_330' title='bbox 1202 5405 1341 5468; x_wconf 84' lang='lat' dir='ltr'>inedium</span> <span class='ocrx_word' id='word_1_331' title='bbox 1365 5428 1485 5468; x_wconf 84' lang='lat' dir='ltr'>annum</span> <span class='ocrx_word' id='word_1_332' title='bbox 1515 5407 1576 5468; x_wconf 83' lang='grc'>212</span> <span class='ocrx_word' id='word_1_333' title='bbox 1609 5405 1813 5470; x_wconf 79' lang='lat' dir='ltr'>reicientibus</span> <span class='ocrx_word' id='word_1_334' title='bbox 1843 5428 2043 5489; x_wconf 87' lang='lat' dir='ltr'>nequaquam</span> <span class='ocrx_word' id='word_1_335' title='bbox 2074 5406 2168 5473; x_wconf 87' lang='lat' dir='ltr'>oblo-</span> 
     </span>
     <span class='ocr_line' id='line_1_52' title="bbox 284 5529 404 5598; baseline 0.008 -23"><span class='ocrx_word' id='word_1_336' title='bbox 284 5529 404 5598; x_wconf 80' lang='lat' dir='ltr'>quitur.</span> 
     </span>
    </p>
   </div>
   <div class='ocr_carea' id='block_1_7' title="bbox 0 0 2440 5972">
    <p class='ocr_par' dir='ltr' id='par_1_19' title="bbox 0 0 2440 5972">
     <span class='ocr_line' id='line_1_53' title="bbox 0 0 2440 5972; baseline 0 0"><span class='ocrx_word' id='word_1_337' title='bbox 0 0 2440 5972; x_wconf 95' lang='lat' dir='ltr'> </span> 
     </span>
    </p>
   </div>
  </div>
 </body>
</html>
