4860 5970
1211 310 1229 372 t

436 518 559 593 Series
598 517 901 593 Ptolemaeorum
951 518 1050 616 apud
1086 516 1290 590 Eusebium
1340 517 1487 590 duobus
1526 520 1633 592 annis
1676 519 1862 594 redundat
1902 548 1994 619 quos
2040 524 2163 600 Ptole·

277 677 426 724 maeum
446 648 507 722 III.
536 651 633 721 iusto
662 647 800 722 diutius
827 661 1047 747 regnantem
1075 647 1177 720 facit:
1205 672 1293 718 sane
1321 647 1351 719 si
1380 645 1427 718 ad
1447 644 1711 745 Olyrupiadum
1740 674 1860 721 annos
1888 650 1966 723 eius
1991 664 2164 751 tempora

279 782 512 879 digeruntur,
548 802 679 852 verum
719 794 774 852 est
811 804 896 851 eum
930 778 1034 874 regni
1073 802 1171 849 anno
1209 774 1344 849 XXVI.
1381 789 1549 847 vertente
1585 788 1773 849 mortuum
1812 803 1910 866 esse;
1950 780 2015 852 sed
2050 782 2079 852 si
2116 782 2162 854 ab

277 909 481 981 autumnali
511 908 746 1004 aequinoctio
775 931 905 1000 regum
934 931 1053 977 annos
1080 904 1301 976 numerandi
1328 904 1535 977 institutum
1565 906 1768 1000 aequaliter
1794 906 2033 981 observatum
2054 926 2163 1002 esset,

276 1064 351 1110 non
392 1050 566 1135 poterant
594 1039 626 1109 ei
661 1037 774 1109 tribui
801 1037 872 1108 nisi
905 1036 990 1106 anni
1025 1030 1167 1105 XXIIII
1212 1047 1303 1130 quot
1337 1032 1447 1104 etiam
1484 1030 1666 1105 Eusebius
1700 1035 1737 1105 in
1772 1032 1893 1107 indice
1929 1038 1990 1132 qui
2031 1050 2088 1111 est
2126 1041 2163 1113 iu

276 1166 400 1239 Chrou
442 1167 518 1263 Ip.
547 1166 636 1256 251,
673 1191 713 1238 re
745 1166 887 1237 veraci
915 1164 1121 1259 adscripsit.
1175 1159 1294 1234 Vetus
1330 1185 1412 1231 curn
1447 1162 1494 1232 sit
1521 1161 1754 1233 consuetudo
1791 1163 2162 1262 chronographorum

277 1294 323 1366 ad
361 1296 506 1368 initium
541 1296 646 1392 regni
687 1294 765 1367 eius
800 1295 899 1391 regis
934 1291 1002 1365 sub
1038 1317 1111 1389 quo
1146 1292 1330 1367 scribunt,
1372 1302 1582 1385 temporum
1618 1288 1906 1386 descriptionem
1942 1292 2163 1387 deducendi,

222 1464 226 1471 ·
278 1439 468 1497 extremus
496 1436 534 1496 ct
560 1424 716 1496 affectus
742 1422 803 1495 ille
833 1422 981 1519 quidem
1011 1445 1130 1493 armus
1157 1420 1276 1491 ultimi
1306 1419 1403 1515 regis
1431 1419 1493 1515 qui
1521 1417 1619 1490 idem
1647 1431 1704 1491 est
1731 1445 1772 1490 ac
1800 1422 1889 1493 novi
1917 1423 2016 1520 regis
2044 1450 2165 1498 annus

276 1555 414 1649 primus
453 1565 488 1623 et
523 1551 594 1623 hoc
626 1552 720 1642 scre,
755 1564 795 1623 ut
825 1551 876 1623 ita
903 1549 1035 1639 dicam,
1063 1549 1297 1636 absorbetur,
1326 1572 1370 1619 ea
1402 1573 1474 1644 qua
1502 1546 1675 1639 diximus,
1704 1548 1926 1623 condicione
1954 1550 1989 1623 et
2017 1553 2095 1649 ipse
2123 1556 2158 1625 in

276 1682 399 1752 album
428 1680 556 1752 referri
586 1692 633 1769 ct,
661 1694 843 1776 quatenus
873 1679 919 1750 ad
947 1680 1048 1774 prius
1075 1702 1231 1774 regnum
1266 1677 1442 1772 pertinet,
1471 1674 1631 1748 describi
1658 1677 1772 1751 solet:
1800 1680 1874 1751 iam
1910 1705 1993 1752 curu
2030 1684 2162 1754 nescio

274 1808 354 1905 quis
383 1833 430 1879 cx
459 1788 703 1905 scriptoribus
732 1831 825 1902 quos
852 1805 1035 1879 Eusebius
1064 1818 1127 1876 aut
1155 1806 1232 1901 ipse
1262 1816 1325 1876 aut
1348 1805 1506 1876 aliorum
1526 1830 1596 1901 ope
1625 1830 1713 1878 usus
1733 1808 1958 1903 compilavit,
1986 1811 2022 1881 in
2044 1824 2163 1883 morte

275 1937 481 2010 Ptolemaei
510 1936 581 2027 III.,
611 1950 652 2009 ut
680 1936 823 2032 opinor,
851 1936 964 2007 finem
994 1933 1180 2006 scribendi
1205 1935 1364 2024 I'ecisset,
1392 1931 1578 2006 Eusebius
1606 1933 1685 2006 sive
1719 1937 1750 2008 is
1778 1961 1885 2034 quem
1920 1953 2069 2011 secutus
2097 1952 2164 2029 est,

284 2091 329 2137 cx
356 2092 456 2138 novo
484 2068 600 2156 fonte,
628 2065 734 2136 aliter
761 2089 914 2160 prorsus
942 2063 1104 2134 calculos
1132 2062 1381 2153 subducente,
1409 2063 1587 2135 relicuum
1616 2064 1782 2137 laterculi
1811 2080 1980 2139 tenorem
2008 2070 2163 2166 aggluti-

274 2196 377 2267 navit
405 2196 527 2289 potius
555 2218 664 2290 quam
693 2193 935 2282 continuavit,
963 2215 1083 2287 neque
1110 2191 1162 2262 sic
1191 2192 1316 2262 omnia
1343 2217 1435 2287 quac
1463 2207 1679 2287 sequuntur,
1707 2219 1822 2299 regna
1854 2196 2006 2270 biennio
2041 2201 2159 2273 serius

278 2325 367 2420 poni
416 2323 505 2395 satis
546 2326 749 2418 perspexit.
808 2320 917 2393 Initio
958 2319 1106 2392 demum
1146 2344 1328 2390 annorum
1375 2320 1435 2415 qui
1482 2335 1664 2393 vocantur
1699 2324 1970 2420 Augustorum,
2011 2328 2158 2401 sublato

275 2478 399 2525 errore
429 2466 576 2525 constat
601 2453 712 2523 ratio:
736 2451 897 2548 Augusti
925 2451 1023 2522 enirn
1052 2448 1167 2522 solius
1199 2450 1235 2520 in
1266 2460 1346 2521 toto
1382 2447 1472 2520 orbe
1496 2447 1667 2521 Romano
1701 2449 1906 2524 dominatio
1934 2480 2032 2527 anno
2061 2459 2160 2529 1989

275 2583 475 2678 deputatur
503 2582 563 2679 qui
592 2579 794 2655 secundum
824 2580 924 2676 prius
953 2578 1112 2650 duorum
1140 2603 1233 2674 quae
1252 2575 1436 2677 Eusebius
1462 2579 1636 2669 excussit,
1662 2580 1931 2676 exemplarium
1951 2608 1973 2652 a
1999 2583 2158 2657 solstitio

274 2735 302 2782 a.
340 2711 403 2799 28,
444 2707 649 2795 secundum
688 2709 875 2805 posterius
916 2707 962 2780 ab
998 2707 1202 2779 autumnali
1242 2707 1478 2801 aequinoctio
1513 2732 1544 2778 a.
1572 2707 1620 2778 30
1647 2732 1678 2778 a.
1705 2707 1743 2782 O.
1781 2722 2015 2801 numeratur3
2054 2712 2158 2809 isque

275 2864 394 2910 annus
423 2836 521 2933 (puod
543 2862 624 2906 curn
646 2834 744 2907 XVI.
766 2861 893 2907 eorum
915 2835 1075 2932 Augusti
1094 2858 1276 2905 annorum
1305 2835 1365 2928 qui
1394 2859 1415 2904 a
1443 2837 1636 2908 consulatu
1663 2837 1741 2911 eius
1770 2849 1806 2909 et
1833 2836 1891 2909 die
1919 2841 1975 2910 19.
2001 2841 2161 2938 Augusti

276 2995 303 3040 a.
330 2969 380 3041 43
408 2992 437 3039 a.
465 2964 503 3038 C.
534 2977 774 3063 consurgunt,
802 2963 1055 3059 componitur,
1099 2986 1181 3032 curn
1216 2961 1347 3073 prioris
1383 2964 1607 3061 exemplaris
1635 2965 1785 3038 calculis
1809 2967 2024 3059 concordat,
2051 2970 2160 3042 simul

274 3123 365 3169 vero
394 3097 493 3194 quod
521 3095 766 3190 discrepantis
794 3092 1135 3164 Alexandrinorum
1164 3090 1348 3185 opinionis
1376 3091 1422 3163 ab
1447 3119 1545 3164 auno
1573 3092 1689 3166 XIIII.
1717 3096 1992 3167 numerantium
2020 3100 2160 3172 mentio

273 3226 440 3314 inicitur,
484 3226 521 3297 in
563 3223 780 3320 posterioris
816 3221 1039 3315 exemplaris
1075 3221 1239 3294 rationes
1275 3221 1442 3317 quadrat.
1507 3221 1648 3320 Nempe
1680 3224 1774 3320 fugit
1806 3221 2028 3315 Eusebium,
2061 3227 2161 3324 quod

274 3354 451 3449 singulari
478 3353 633 3448 imperio
661 3352 821 3446 Augusti
848 3352 884 3422 in
913 3376 1011 3422 anno
1038 3353 1116 3423 eius
1144 3346 1243 3421 XVI.
1281 3350 1462 3424 collocato
1491 3351 1582 3423 nihil
1611 3377 1808 3423 commune
1843 3366 1900 3426 est
1937 3380 2021 3427 curn
2055 3381 2161 3429 occu·

274 3495 361 3579 pata
388 3484 579 3578 Aegypto:
618 3492 761 3576 spectat
797 3480 895 3552 enim
929 3479 975 3550 ad
1010 3479 1168 3577 Augusti
1203 3504 1341 3550 nomen
1375 3504 1442 3575 per
1470 3491 1639 3552 senatum
1668 3476 1875 3553 Octaviano
1909 3481 2073 3555 delatum
2100 3483 2160 3557 die

273 3611 333 3708 qui
362 3625 417 3683 est
446 3613 504 3683 16.
540 3608 699 3682 Ianuarii
731 3608 885 3681 rationis
922 3608 1135 3705 pontificiae
1163 3607 1242 3680 sive
1271 3609 1329 3679 17.
1357 3604 1517 3679 Ianuarii
1545 3609 1701 3681 rationis
1729 3610 1922 3705 Augustae
1949 3635 1979 3683 a.
2007 3610 2054 3683 27
2074 3636 2102 3683 a.
2122 3609 2160 3685 C·

273 3737 470 3835 Ceteroqui
508 3737 755 3811 demonstrari
801 3750 926 3833 potest
960 3732 1162 3808 Eusebium
1202 3734 1272 3808 hoc
1315 3760 1387 3831 quo
1425 3762 1535 3810 omne
1567 3739 1817 3835 posteriorum
1851 3735 2151 3813 Ptolemaeorum

273 3883 418 3965 tempus
460 3868 636 3957 afficitur,
680 3878 841 3937 erratum
876 3865 1097 3938 tralaticium
1137 3890 1158 3935 a
1195 3863 1288 3936 Iulio
1327 3866 1503 3936 Africano
1545 3868 1748 3963 accepisse:
1796 3868 2010 3939 conseratur
2060 3870 2157 3940 cuim

274 3996 380 4094 Syuc.
408 4022 440 4092 p.
468 3995 552 4080 584,
581 3996 613 4065 1.
670 3994 708 4065 Id
733 4011 771 4065 ut
800 3994 1000 4084 mittamus,
1029 3993 1160 4065 indicis
1184 3993 1291 4082 fides,
1318 3993 1432 4065 ruodo
1463 4019 1546 4065 curu
1575 3996 1610 4066 in
1640 3996 1713 4066 duo
1743 4019 1790 4065 ex
1818 3996 1951 4090 quibus
1978 3997 2162 4071 conflatus

275 4141 343 4212 est,
374 4126 558 4195 clementa
587 4121 823 4213 dissolveriS,
860 4123 982 4195 ubivis
1016 4123 1213 4218 probatur,
1255 4136 1517 4218 praeterquam
1554 4122 1652 4219 quod
1688 4124 1724 4195 in
1758 4126 1865 4196 annis
1891 4122 2033 4198 XXXV
2070 4152 2163 4223 quos

283 4254 319 4324 iu
348 4252 521 4348 exemplo
555 4251 601 4321 ab
636 4249 799 4322 Eusebio
832 4252 1031 4346 compilato
1064 4275 1139 4322 una
1170 4276 1299 4322 onmes
1334 4252 1544 4346 promiscue
1580 4248 1796 4325 Ptolemaeo
1826 4251 1924 4325 VIII.
1957 4254 2165 4353 adscriptos

273 4380 389 4453 fuisse
417 4380 495 4451 veri
524 4381 642 4451 simile
672 4382 786 4471 cst,*)
815 4380 910 4450 inter
937 4377 1034 4449 hunc
1063 4398 1100 4451 et
1125 4378 1381 4451 Alexandrum
1416 4381 1568 4451 fratrem
1606 4379 1866 4476 dispertiendis
1898 4381 2007 4457 foede
2035 4409 2160 4481 pecca·

273 4525 352 4582 tum
381 4521 454 4581 est:
484 4506 735 4604 septendecim
764 4507 850 4578 anui
880 4532 964 4578 cum
992 4506 1185 4579 dimidiato
1213 4509 1328 4582 totius
1355 4534 1428 4604 quo
1447 4506 1686 4581 Ptolemaeus
1705 4506 1803 4582 VIII.
1833 4511 2023 4585 subtracto
2051 4514 2160 4597 iuter,

273 4637 397 4711 medio
425 4637 548 4708 fratris
575 4662 692 4734 regno
719 4636 902 4736 regnavit,
929 4636 1049 4732 spatii,
1075 4662 1151 4708 non
1180 4638 1312 4732 prioris
1341 4638 1419 4710 eius
1445 4638 1550 4735 regni
1585 4662 1767 4710 summam
1796 4638 1997 4730 declarant,
2025 4655 2062 4713 et
2089 4640 2159 4713 hoc

273 4767 392 4864 ipsum
421 4766 490 4837 fuit
517 4766 647 4838 decem
676 4792 869 4854 annorum,
897 4790 973 4837 non
1000 4790 1154 4860 regnum
1183 4766 1399 4838 Alexandri.

341 5044 347 5059 '
440 5051 472 5129 *)
497 5048 593 5116 Conf.
620 5050 821 5137 Porphyrius
842 5054 875 5115 iu
896 5050 979 5116 Eus.
1007 5048 1127 5116 Chron.
1151 5051 1168 5115 1
1191 5074 1221 5136 p.
1244 5051 1317 5118 244.
