4860 5970
1193 276 1232 337 19

1030 360 1406 371 —————

271 485 422 560 Eusebii
450 485 662 560 Chronicon
688 481 900 578 legentibus
933 483 1003 556 nisi
1030 482 1224 580 Aegyptiis
1259 482 1458 578 quidquam
1494 483 1661 557 utilitatis
1690 486 1822 559 afferre
1849 499 2047 583 poteraut.
2077 486 2154 559 Iam

271 629 419 716 praeter
447 641 528 689 eam
555 614 665 687 etiam
693 610 809 684 altera
836 610 1097 684 octaeteris
1125 608 1224 707 apud
1251 625 1398 685 veteres
1420 611 1652 685 Christianos
1679 614 1715 685 in
1744 638 1813 686 usu
1847 626 1926 687 erat
1951 612 2156 687 Romana

274 770 382 843 quarn
412 742 638 840 Hippolytus
664 741 702 812 in
730 741 889 811 formam
915 739 1003 811 anni
1029 739 1154 836 magni
1171 726 1258 810 XVI
1285 763 1470 811 annorum
1498 740 1588 831 sive,
1624 754 1665 814 ut
1692 743 1818 819 verius
1851 741 2031 833 dicamus,
2067 743 2155 815 anni

272 873 423 945 maioris
452 868 543 943 CXII
578 893 762 942 annorum
793 867 990 965 redegerat
1023 867 1129 940 initio
1164 868 1263 941 facto
1301 867 1348 938 ab
1384 893 1483 939 anno
1511 866 1653 941 Iuliano
1690 872 1760 941 222
1788 896 1822 968 p.
1849 868 1888 945 0.
1929 869 2036 942 Huic
2063 895 2154 943 vero

273 1000 537 1101 Olympiadum
575 992 671 1070 ratio
708 1021 785 1069 non
818 997 942 1070 min‘us
977 1008 1063 1092 apte
1098 1020 1208 1091 quam
1243 996 1498 1094 Aegyptiacae
1532 997 1584 1068 ita
1610 997 1884 1070 accommodari
1921 1010 2087 1094 poterat,
2115 1012 2157 1071 ut

273 1131 414 1228 primus
441 1129 594 1225 quisque
621 1150 740 1198 annus
769 1121 1001 1223 Olympiadis
1029 1123 1161 1221 impari
1193 1131 1350 1196 numero
1379 1125 1546 1222 signatae
1573 1125 1718 1198 initium
1755 1127 1862 1199 lieret
1896 1125 2153 1216 octaeteridis3

274 1273 383 1357 atque
412 1259 629 1330 etiamtum
657 1279 740 1325 curn
769 1242 895 1349 paullo
922 1264 1009 1325 ante
1035 1250 1188 1325 Eusebii
1215 1263 1375 1324 aetatem
1403 1252 1439 1323 in
1470 1250 1641 1326 Romana
1671 1254 1828 1327 ecclesia
1862 1255 2058 1328 octaeteris
2088 1255 2155 1327 cir·

274 1388 359 1465 culo
389 1400 657 1479 octogenorum
684 1393 949 1477 quaternorum
978 1404 1161 1453 annorum
1182 1379 1307 1452 locum
1327 1380 1449 1470 cessit,
1468 1378 1733 1479 Olympiadem
1757 1383 2025 1479 computationi
2050 1381 2157 1457 locus

276 1531 446 1589 servatus
474 1525 540 1601 est,
567 1510 653 1607 quia
679 1534 762 1581 curn
788 1533 913 1582 novus
939 1533 1061 1581 annus
1087 1532 1245 1606 magnus
1271 1533 1338 1605 per
1363 1533 1560 1580 numerum
1595 1512 1873 1605 quaternarium
1905 1510 2154 1604 dividebatur,

273 1658 351 1718 turn
380 1666 499 1715 annus
524 1638 674 1712 initialis
701 1638 763 1735 qui
790 1649 848 1711 est
875 1638 946 1710 298
972 1663 1007 1733 p.
1035 1635 1087 1729 0.,
1113 1639 1151 1710 in
1179 1662 1223 1710 eo
1258 1635 1359 1733 quod
1394 1608 1553 1711 bissexti
1586 1638 1715 1712 Iuliani
1751 1640 1958 1713 rationibus
1986 1639 2157 1730 efficitur,

274 1769 518 1868 quadriennio
546 1765 705 1840 eandem
735 1764 861 1838 sedem
891 1764 1085 1838 obtinebat
1111 1790 1220 1863 quam
1256 1765 1396 1861 primus
1430 1767 1583 1864 quisque
1620 1740 1740 1841 annus
1776 1767 2158 1843 heccaedeeaeteridis

274 1899 534 1996 Hippolyteae.
591 1893 672 1967 Hae
699 1892 955 1965 Romanorum
982 1890 1226 1991 Olympiades
1259 1894 1453 1990 paschales
1487 1895 1756 1968 existimandae
1793 1909 1880 1970 sunt
1913 1896 2157 1993 sesquialtero

277 2051 425 2123 semper
454 2049 552 2096 anno
581 2035 665 2119 post
690 2022 940 2121 Aegyptiacae
965 2023 1159 2119 incepisse.
1211 2019 1307 2094 Num
1337 2049 1473 2096 avaro
1502 2024 1679 2096 abhorret
1711 2022 1914 2096 Eusebium
1946 2024 2008 2121 qui
2041 2025 2157 2097 totius

278 2156 380 2229 orbis
406 2153 566 2226 Rotnani
592 2149 808 2224 hominibus
836 2174 929 2246 opus
957 2175 1065 2223 suum
1088 2150 1323 2241 destinasset,
1353 2153 1604 2250 Aegyptiacae
1641 2153 1692 2224 illi
1719 2149 1981 2251 Olympiadum
2009 2153 2157 2245 rationi,

277 2284 427 2357 relicuis
447 2279 666 2354 Christianis
694 2279 846 2350 omnino
875 2279 1092 2369 obscuriori,
1120 2303 1259 2352 novam
1277 2279 1463 2375 quandam
1484 2282 1728 2370 substituisse,
1756 2279 1948 2353 Romanae
1977 2281 2156 2355 ecclesiae

278 2409 548 2507 computationi
589 2406 754 2505 paschali
788 2406 1127 2499 accommodatam,
1162 2430 1318 2504 eumque
1351 2434 1470 2505 atnnos
1503 2434 1617 2482 unum
1654 2423 1689 2481 et
1724 2408 1955 2481 dimidiatum
1992 2411 2054 2506 qui
2086 2409 2159 2482 hoc

277 2554 387 2638 pacto
415 2539 488 2610 iam
516 2536 783 2634 supervacanei
819 2548 941 2627 erant,
977 2538 1117 2609 omisso
1151 2535 1252 2633 quod
1285 2536 1382 2608 inter
1414 2536 1526 2609 finem
1554 2535 1775 2610 Diocletiani
1815 2549 1851 2610 et
1884 2536 2028 2610 initium
2064 2534 2159 2611 Oon·

280 2667 434 2741 stantini
461 2665 680 2752 intercessit,
711 2667 891 2760 temporis
921 2664 1039 2759 spatio
1069 2664 1321 2762 expunxisse?
1371 2662 1450 2739 Nisi
1486 2666 1584 2737 enim
1620 2666 1876 2739 existimamus
1903 2663 2157 2739 Eusebianutu

281 2799 549 2893 imperatorum
577 2791 736 2863 indicem
765 2791 850 2863 inde
878 2780 1217 2865 aPertinace'non
1235 2807 1310 2867 tarn
1331 2819 1513 2867 canonem
1534 2819 1614 2867 esse
1633 2806 1843 2892 temporum
1862 2795 1997 2867 rationi
2027 2813 2158 2867 exacte

282 2922 586 3020 respondentem,
614 2943 725 3016 quarn
751 2916 915 2990 tabulam
944 2918 1123 2991 fastorum
1152 2921 1385 3016 potissimum
1413 2923 1495 2993 usui
1522 2922 1786 2995 inservientem
1820 2947 1891 3019 qua
1925 2922 2162 2996 characteres

284 3076 468 3124 annorum
495 3049 639 3121 facilius
667 3047 934 3137 invenirentur,
961 3045 1060 3143 quod
1087 3049 1294 3144 portentosi
1322 3048 1433 3120 indici
1460 3049 1510 3120 illi
1538 3051 1644 3140 inest,
1673 3050 1839 3147 expediri
1865 3051 2004 3148 nequit.

444 3177 523 3249 Iam
551 3200 635 3249 curu
668 3176 994 3247 Armeniacum
1025 3172 1215 3247 Eusebii
1251 3177 1489 3274 exemplar
1517 3178 1734 3250 vicesimum
1762 3203 1900 3250 annum
1920 3176 2157 3252 Constantini

284 3309 345 3404 qui
374 3320 430 3380 est
457 3308 530 3377 325
557 3330 588 3401 p.
617 3302 669 3395 0.,
696 3328 781 3376 cum
808 3301 1040 3401 Olympiadis
1068 3301 1288 3403 CCLXXVl.
1316 3331 1414 3378 anno
1443 3312 1475 3377 l.
1512 3322 1723 3402 componat,
1752 3304 1985 3404 Olympiadis
2019 3308 2161 3405 primae

285 3460 405 3507 annus
433 3435 573 3530 primus
601 3458 623 3504 a
650 3431 709 3504 die
736 3433 770 3504 1.
798 3431 958 3504 Ianuarii
984 3433 1055 3503 779
1085 3458 1116 3505 a.
1144 3432 1182 3505 0.
1211 3434 1390 3529 incepisse
1418 3433 1604 3530 putandus
1632 3449 1698 3505 est.
1758 3432 1900 3507 Deinde
1928 3460 2010 3506 curn
2040 3434 2162 3508 eidem

283 3564 336 3636 illi
364 3559 596 3660 Olympiadis
624 3558 847 3635 CCLXXVI.
875 3586 973 3633 anno
1000 3561 1035 3633 4.
1063 3586 1181 3635 annus
1209 3562 1306 3633 2343
1335 3562 1538 3635 Abrahami
1574 3575 1769 3658 aequetur,
1801 3587 1919 3635 annos
1954 3562 2161 3636 Abrahami

282 3693 320 3764 in
350 3692 478 3763 ultima
497 3687 661 3763 Cononis
687 3700 792 3786 parte
816 3713 838 3760 a
862 3688 921 3762 die
952 3693 980 3761 1.
1002 3688 1161 3762 Ianuarii
1181 3692 1279 3762 2018
1298 3716 1329 3762 a.
1349 3690 1387 3764 0.
1408 3692 1594 3764 numerari
1618 3692 1853 3789 perspicuum
1882 3706 1947 3765 est.
1991 3689 2160 3763 Hiero.

284 3845 445 3917 nymus
480 3832 624 3910 autem,
656 3842 739 3891 cum
772 3842 888 3915 usque
921 3818 967 3889 ad
994 3816 1230 3892 Pertinacem
1258 3818 1409 3892 Eusebii
1436 3816 1722 3918 Olyrupiadibus
1750 3818 1900 3891 Iulianis
1919 3815 2162 3916 Olympiadas

285 3951 465 4047 genuinas
493 3948 724 4022 substituerit
748 3971 947 4044 earumque
975 3971 1094 4020 annos
1121 3949 1375 4046 superioribus
1402 3949 1607 4046 quibusque
1636 3948 1742 4020 annis
1771 3945 1984 4036 Abrahami,
2017 3945 2162 4018 Iuliano

286 4078 358 4150 illis
384 4102 488 4150 more
516 4075 750 4172 computatis,
778 4076 1005 4171 aequaverit,
1032 4100 1054 4147 a
1080 4074 1275 4151 Pertinace
1302 4077 1349 4149 ad
1376 4076 1661 4151 Constantinum
1690 4076 1856 4173 singulis,
1883 4100 1957 4147 non
1987 4073 2162 4169 quemad·

285 4205 438 4277 modum
465 4203 660 4293 Eusebius,
686 4202 785 4276 binis
810 4202 917 4275 annis
943 4203 1240 4279 redundantibus
1276 4207 1323 4279 ab
1351 4206 1556 4279 emendatis
1584 4206 1790 4279 rationibus
1817 4201 1939 4275 differt
1969 4215 2004 4275 et
2031 4203 2161 4275 vicesi-

285 4359 386 4407 muru
414 4358 552 4407 annum
580 4331 815 4407 Constantini
841 4331 902 4428 qui
931 4346 988 4405 est
1013 4358 1035 4405 a
1062 4333 1097 4406 d.
1125 4336 1158 4406 1.
1185 4333 1343 4407 Ianuarii
1373 4335 1417 4407 ad
1445 4334 1478 4407 d.
1507 4337 1564 4407 31.
1594 4333 1809 4406 Decembris
1837 4332 1908 4403 325
1935 4357 1969 4426 p.
1998 4298 2049 4420 Oi,
2077 4354 2161 4403 cum

286 4488 385 4536 anno
414 4462 510 4533 2342
539 4443 743 4534 Abrahami
771 4473 808 4533 et
825 4457 1058 4560 Olympiadis
1078 4460 1300 4537 OOLXXVI.
1329 4490 1426 4535 anno
1455 4466 1487 4534 2.
1516 4463 1724 4559 componit:
1752 4485 1823 4557 quo
1851 4459 1903 4549 fit,
1932 4476 1972 4530 ut
1997 4458 2068 4555 ipsi
2096 4483 2164 4555 per

284 4605 405 4665 totum
441 4592 512 4665 hoc
546 4589 704 4687 spatium
742 4589 829 4662 anni
864 4588 1069 4662 Abrahami
1104 4617 1125 4664 a
1158 4591 1218 4664 die
1255 4594 1289 4665 1.
1318 4591 1477 4664 Ianuarii
1512 4592 1607 4663 2017
1637 4616 1668 4661 a.
1697 4588 1747 4679 0.,
1775 4586 2018 4686 Olympiades
2054 4584 2162 4659 adie

287 4723 320 4792 1.
349 4720 508 4793 Ianuarii
547 4719 617 4792 777
646 4716 678 4790 a'.
708 4715 746 4791 0.
779 4729 1031 4791 numerentur.
1090 4720 1123 4792 A
1158 4721 1329 4819 genuinis
1358 4723 1468 4819 igitur
1508 4718 1792 4818 Olympiadibus
1825 4714 2077 4812 Hieronymus
2115 4712 2164 4787 ad

287 4873 349 4921 eas
376 4849 523 4921 transiit
548 4873 642 4944 quae
670 4872 753 4920 eum
780 4847 887 4919 aunis
916 4846 1066 4921 Iulianis
1092 4847 1346 4924 bissextilibus
1374 4850 1593 4923 coniunctae
1622 4864 1719 4920 sunt.
1775 4842 1856 4917 >Ion
1890 4870 1911 4915 a
1949 4842 2162 4940 tequidem

286 4975 324 5048 id
353 4989 532 5048 novatum
566 4988 637 5064 est3
674 4976 740 5048 sed
773 4975 831 5048 his
866 4975 912 5048 ab
947 4974 1179 5075 Hieronymo
1213 4978 1417 5051 immutatis
1449 4977 1630 5049 rationem
1665 5000 1758 5072 quae
1792 4976 1888 5044 inter
1915 4970 2164 5044 Eusebianam

285 5120 497 5199 temporum
524 5104 755 5177 notationem
783 5119 820 5178 et
846 5130 976 5177 verum
1004 5106 1185 5178 calculum
1213 5105 1419 5194 intercedit,
1448 5130 1599 5201 prorsus
1627 5130 1702 5176 non
1732 5103 1900 5175 affectatu
1931 5126 2012 5171 csse
2040 5124 2085 5170 cx
2117 5100 2161 5171 iis

287 5256 380 5327 quae
408 5250 538 5327 postea
565 5230 847 5329 disputabimus,
874 5233 1078 5330 apparebit.
2039 5220 2043 5229 ¹

456 5357 650 5435 Relicuum
677 5375 732 5433 est
757 5376 797 5433 ut
830 5373 1001 5458 tempora
1034 5386 1158 5434 rerum
1189 5364 1227 5434 in
1262 5364 1460 5460 spatium
1496 5360 1771 5434 historicum
1808 5366 2072 5450 congestarum
2103 5378 2166 5424 cx·

1959 5489 1997 5549 38
