4860 5970
1178 283 1221 346 22

260 493 357 564 2017
395 516 534 563 annum
574 515 758 588 quemque
793 490 1009 576 Abrahami,
1050 490 1084 560 in
1126 492 1358 587 temporibus
1399 516 1430 586 p.
1458 487 1496 562 C.
1538 489 1585 560 ab
1622 514 1721 561 anno
1756 514 1901 586 quoque
1936 486 2150 560 Abrahami

259 644 456 692 numerum
484 620 582 691 2016
610 620 852 692 subtraxeris.
897 618 1019 691 Minor
1046 643 1130 715 pars
1157 620 1376 691 lemmatum
1401 617 1655 714 septendecim
1683 643 1777 713 quae
1804 614 1962 689 literaO
1990 614 2152 713 insigni·

260 748 402 838 vimus,
442 746 489 819 ab
526 744 811 846 Olympiadibus
852 745 990 844 pendet
1025 748 1196 845 genuinis
1236 771 1328 843 quas
1354 744 1539 819 Eusebius
1579 745 1708 819 maluit
1748 744 2157 843 pseudolyrnpiadibus

260 875 337 949 suis
365 900 575 973 exaequare
602 900 712 973 quam
733 875 1040 949 transscribendo
1064 894 1221 948 mutare.
1260 874 1365 962 Quae
1384 876 1421 947 in
1440 875 1674 969 temporibus
1694 875 1868 948 notandis
1890 874 2158 984 inconstantia

263 1004 351 1101 quin
380 1028 429 1076 ex
455 1004 614 1076 fontium
642 1003 857 1077 diversitate
896 1018 978 1078 orta
1012 1006 1078 1097 sit,
1110 1003 1272 1077 dubitari
1306 1029 1382 1076 non
1417 1019 1556 1103 potest:
1597 1004 1634 1076 id
1667 1017 1737 1103 ¹est,
1771 1003 1954 1076 Eusebius
1987 1026 2158 1101 quarum

261 1156 385 1203 rerum
413 1133 634 1204 memoriam
661 1157 710 1205 ex
736 1132 933 1206 annalibus
960 1132 1165 1207 secundum
1193 1130 1437 1231 Olympiadas
1466 1145 1637 1230 tempora
1664 1131 1919 1230 digerentibus
1946 1158 2029 1204 eum
2059 1131 2163 1203 alio·

264 1284 358 1350 rum,
384 1272 464 1332 tum
482 1256 703 1356 Phlegontis
722 1260 907 1351 hauserat,
926 1287 1003 1334 non
1023 1273 1205 1334 mutatam
1224 1260 1293 1334 sub
1313 1259 1709 1359 pseudolympisdibus
1728 1260 1878 1334 Iulianis
1896 1262 1932 1333 in
1953 1259 2165 1335 Canonem

262 1388 404 1461 intulit.
415 1413 510 1484 quae
537 1389 701 1479 nomine,
736 1413 813 1461 non
840 1414 880 1461 re
905 1404 1173 1487 congruerent3
1210 1413 1367 1486 quorum
1401 1414 1492 1462 vero
1528 1404 1833 1487 argumentorum
1868 1414 1915 1461 ex
1948 1390 2059 1462 annis
2100 1412 2166 1459 re-

266 1541 425 1614 gnorum
465 1530 529 1589 aut
556 1541 603 1588 ex
630 1518 702 1589 alio
731 1517 853 1615 aliquo
886 1532 1035 1614 practer
1069 1516 1314 1619 Olympiadas
1350 1516 1481 1590 ordine
1514 1543 1697 1589 annorum
1731 1532 1902 1614 tempora
1933 1530 2168 1615 computata

266 1655 493 1740 reppererat,
520 1643 568 1716 ad
595 1670 777 1717 annorum
805 1645 1009 1718 Abrahami
1035 1647 1220 1719 rationem
1254 1645 1441 1744 exigendo
1469 1647 1667 1743 rescripsit.
1729 1644 1790 1719 Uti
1824 1646 1946 1720 adhue
1979 1647 2169 1721 nondum

266 1771 358 1844 milii
384 1774 551 1871 contigit,
578 1788 619 1847 ut
645 1773 693 1847 ad
720 1799 830 1871 quam
858 1776 1023 1872 regulam
1051 1774 1238 1848 delectum
1273 1798 1322 1847 ex
1353 1774 1545 1871 utriusque
1582 1776 1730 1871 generis
1762 1776 1929 1849 fontibus
1964 1774 2171 1849 Eusebius

267 1899 477 1992 direxisset,
504 1901 725 1989 invenirem,
749 1904 800 1975 ita
827 1902 919 1977 haee
945 1904 1036 1975 mihi
1061 1903 1193 1976 videor
1221 1902 1435 1992 observare,
1463 1904 1621 1999 primum
1645 1904 1682 1975 in
1710 1903 1967 1995 describendis
1994 1904 2172 2001 antiqui·

269 2029 399 2102 oribus
426 2030 661 2127 temporibus
689 2055 846 2126 quorum
874 2032 979 2126 qussi
1006 2031 1177 2104 columen
1208 2048 1265 2103 est·
1288 2028 1455 2121 Graecia,
1483 2032 1799 2127 computationem
1834 2056 1944 2127 quam
1978 2034 2097 2106 litera
2135 2032 2172 2108 O
2215 2102 2220 2115 ,

270 2157 524 2250 distinximus,
560 2157 813 2255 propendere,
855 2160 902 2232 ab
938 2160 1203 2254 imperatorum
1239 2183 1329 2229 vero
1362 2156 1616 2231 Romanorum
1644 2173 1766 2231 aetate
1800 2161 2017 2233 evalescere
2062 2187 2172 2235 com·

272 2286 503 2382 putationem
531 2289 575 2374 Α,
603 2286 738 2361 deinde
772 2312 849 2359 non
885 2287 1038 2358 omnino
1074 2288 1228 2358 confuse
1260 2285 1328 2357 bas
1368 2287 1531 2359 rationes
1569 2288 1793 2383 permisceri,
1834 2288 1900 2361 sed
1935 2304 2169 2387 argumenta

274 2418 420 2512 utrique
439 2416 574 2489 rationi
594 2414 879 2489 accommodat-a
897 2416 993 2486 inter
1012 2439 1051 2487 se
1071 2415 1176 2510 quasi
1196 2415 1378 2513 gregatim
1402 2416 1453 2485 ita
1475 2400 1651 2512 separari,
1679 2432 1720 2487 ut
1739 2417 1891 2489 alternis
1916 2418 2069 2492 vicibus
2100 2445 2173 2517 per

271 2568 387 2615 unum
433 2545 592 2641 spatium
626 2544 806 2641 temporis
843 2544 1082 2633 continuum,
1121 2544 1288 2639 inprimis
1321 2568 1388 2640 per
1425 2566 1540 2615 unum
1574 2544 1749 2641 principis
1782 2545 1997 2642 imperium,
2043 2548 2175 2620 altera

272 2672 350 2744 fere
383 2675 479 2747 ratio
507 2671 730 2769 praevaleat
1206 2660 1211 2667 ’

442 2799 491 2872 ln
518 2800 815 2896 temporibus
849 2812 954 2894 post
990 2796 1290 2871 Pertinacem
1327 2798 1555 2871 illustrandis
1590 2823 1714 2871 rerum
1748 2800 1787 2871 in
1822 2801 1944 2901 spatio
1978 2799 2174 2897 historico

274 2928 480 3024 positarum
507 2929 689 2999 memoria
713 2940 791 2999 tam
818 2926 941 2998 tenuis
968 2940 1024 2999 est
1050 2950 1092 2997 ac
1119 2951 1214 3019 rara,
1253 2942 1293 2999 ut
1320 2952 1430 3023 quam
1459 2926 1580 3000 adhuc
1608 2929 1725 3000 secuti
1752 2953 1892 3018 sumus,
1919 2930 2021 3001 ratio
2048 2954 2176 3027 pauca

274 3081 344 3128 nec
371 3056 442 3129 nisi
470 3056 678 3128 certissima
705 3079 872 3151 quaeque
898 3055 1075 3126 lemmata
1101 3056 1292 3128 delibandi
1329 3057 1401 3127 iam
1437 3081 1512 3128 non
1541 3056 1717 3127 sulliciat:
1754 3056 1890 3129 exinde
1919 3058 2039 3155 igitur
2064 3074 2168 3155 quot·

275 3198 366 3281 quot
392 3184 491 3282 apud
518 3182 721 3258 Eusebium
750 3197 917 3275 exstant,
945 3198 1164 3280 argumenta
1199 3184 1309 3256 nobis
1335 3182 1549 3255 adhibenda
1576 3195 1702 3270 erunt,
1739 3207 1783 3255 ea
1810 3209 1961 3280 quoque
1993 3210 2083 3283 quae
2108 3184 2161 3259 di·

276 3314 396 3386 versis
422 3314 469 3386 ab
497 3315 677 3386 Armenio
705 3312 928 3386 translatore
957 3328 994 3384 et
1018 3312 1065 3384 ab
1092 3311 1324 3408 Hieronymo
1353 3312 1459 3382 annis
1494 3311 1681 3409 adscripta
1715 3324 1809 3384 sunt.
1870 3310 1956 3399 Qua
1989 3316 2030 3388 in
2058 3338 2099 3387 re
2125 3338 2173 3386 ea

276 3454 496 3539 argumenta
522 3466 681 3538 quornm
708 3443 746 3513 in
775 3442 882 3514 annis
910 3439 1115 3513 Abrabami
1143 3441 1272 3513 nititur
1300 3439 1480 3533 temporis
1513 3440 1675 3526 notatio,
1711 3453 1751 3511 ut
1783 3440 1961 3537 quodque
1999 3444 2063 3515 vel
2103 3444 2180 3516 sin·

277 3571 373 3668 gulis
400 3570 461 3645 vel
488 3570 586 3643 bi'nis
607 3570 668 3641 vel
694 3570 811 3642 ternis
838 3569 945 3642 annis
973 3569 1107 3665 quibus
1135 3571 1186 3641 illi
1206 3580 1465 3665 peccaverunt,
1494 3591 1623 3638 svera
1640 3586 1852 3664 temporum
1877 3570 2025 3641 ratione
2044 3569 2181 3663 distat,

277 3700 381 3796 siglis
407 3699 469 3771 vel
494 3700 549 3771 Αι
583 3698 642 3770 vel
670 3698 726 3768 A²
756 3698 816 3769 vel
843 3696 914 3784 A³‚
942 3721 1106 3793 eaquae
1135 3697 1181 3768 ab
1211 3694 1478 3793 Olympindum
1505 3695 1613 3767 annis
1645 3721 1827 3791 suspensa
1863 3718 1964 3789 sunt,
1999 3700 2116 3773 litera
2142 3696 2181 3773 O

278 3827 517 3924 signabimus.

973 4048 1116 4134 Tempus
1138 4048 1178 4111 ab
1200 4049 1359 4111 Armenio
1401 4047 1546 4131 Tempus
1562 4045 1602 4108 ab
1618 4046 1781 4131 Hierony-

279 4096 372 4160 Afffl·
384 4094 458 4160 ΙΝ·
1078 4133 1264 4196 indicatum.
1454 4153 1507 4194 mo
1529 4130 1716 4193 indicatum.

1823 4090 1975 4178 Tempus
1998 4116 2141 4163 varum.

281 4274 328 4352 O.
379 4320 428 4330 -
483 4271 1176 4348 PersecutioueinOhristi·Abn2216.
1192 4270 1592 4362 Ol.245,1‚Abr.2218.
1608 4268 1790 4362 01.245,2.
1929 4257 2072 4389 ‘lt-:Q

490 4401 584 4448 anos
628 4376 726 4446 faeta
766 4372 964 4464 Leonides,
1047 4399 1145 4446 anno
1161 4374 1292 4445 Severi
1309 4371 1387 4461 Vll.
1488 4397 1586 4444 anno
1602 4372 1729 4444 Severi
1744 4370 1788 4446 X.
1929 4352 1988 4389 ’ω’
2019 4348 2071 4391 θ’·

491 4472 791 4573 Origenispater,
801 4474 967 4571 gloriosa
1419 4472 1569 4569 (lemma
1597 4471 1801 4544 secundum

491 4577 659 4673 martyrii
693 4591 812 4647 morte
846 4592 963 4647 trans·
1435 4570 1800 4644 a.SevcriX.inHiat.

492 4678 620 4749 femur.
1436 4672 1522 4744 ecel.
1543 4671 1643 4763 Vnt
1665 4671 1801 4744 indica·

1438 4788 1517 4845 tum
1544 4770 1775 4867 correctum.)

286 4962 431 5030 A‘1.-
486 4959 703 5033 Alexander
718 4958 767 5030 ob
789 4957 967 5030 confessi·
1069 4958 1179 5027 2219.
1196 4951 1379 5045 ΟΙ.245,4.
1495 4954 1787 5042 2220.01.245,2

495 5085 606 5133 onem
640 5058 816 5131 dominici
851 5058 968 5129 norni-
1070 5053 1259 5130 SeveriX.
1496 5055 1624 5127 Severi
1652 5052 1728 5125 ΧΠ.

492 5163 551 5234 nis
579 5163 700 5235 clarus
727 5159 894 5231 habetur.
1424 5157 1571 5251 ,lcnnna
1600 5154 1803 5225 secundum

1437 5254 1696 5353 Olympiadem
1750 5278 1804 5324 re·

1438 5356 1636 5451 scriptum.)
