4846 5976
1362 292 1385 355 4

435 522 618 596 calculum
646 519 751 594 vario
779 517 892 591 modo
924 532 1178 614 temperarent
1210 530 1248 593 et
1281 514 1355 589 huc
1390 517 1477 589 illue
1514 515 1737 590 declinando
1774 518 2068 591 Christianorum
2102 530 2314 618 temporum

437 652 521 725 usui
548 647 887 723 accommodarent.
924 647 958 719 A
985 647 1104 742 spatio
1132 672 1223 720 vero
1249 645 1430 719 historico
1458 645 1657 741 quominus
1686 648 1976 743 proficiscamur.
2004 647 2078 721 duo
2108 663 2195 723 sunt
2222 675 2316 746 quae

435 777 656 878 prohibent:
685 801 811 867 unum,
839 774 937 873 quod
965 775 1109 848 facilius
1136 776 1174 847 in
1203 800 1248 847 eo
1276 798 1387 871 quam
1415 798 1570 869 usquam
1596 774 1684 846 alibi
1718 774 1794 847 la'ui
1823 790 1969 871 poterat
1996 774 2200 869 EusebiuS,
2228 780 2315 852 alte-

434 933 528 999 rum,
556 905 656 1003 quod
693 905 751 976 hic
786 905 1020 1001 potissimum
1056 903 1205 977 codices
1241 902 1482 997 manuscripti
1516 902 1612 975 inter
1645 927 1686 975 se
1727 906 1889 975 maxime
1924 904 2157 979 dissentiunt.
2211 908 2315 996 Quae

435 1060 520 1109 cum
547 1036 598 1108 ita
625 1035 710 1125 sint,
738 1059 803 1131 pro
832 1031 1085 1105 fundamentis
1114 1044 1223 1105 erunt
1249 1030 1492 1129 disputationi
1520 1030 1583 1102 fila
1624 1056 1838 1130 regnorum,
1875 1058 1990 1131 eaque
2026 1062 2102 1108 888
2136 1038 2314 1130 omnium,

434 1162 500 1236 sed
529 1188 658 1234 eorum
686 1160 732 1234 ad
760 1187 853 1257 quae
880 1187 957 1234 non
984 1162 1105 1233 solum
1133 1158 1366 1234 Christianos
1393 1159 1702 1258 chronographos
1729 1162 1943 1252 universos,
1971 1162 2037 1236 sed
2065 1165 2175 1236 etiam
2206 1179 2315 1240 antea

432 1290 712 1364 Alexandrinos
740 1301 777 1362 et
804 1290 865 1385 qui
889 1290 986 1361 inter
1012 1288 1203 1361 Romanos
1237 1312 1304 1361 eos
1327 1286 1445 1361 secuti
1480 1306 1576 1379 sunt,
1611 1291 1776 1362 omnium
1812 1292 1964 1363 omnino
2000 1290 2221 1389 populorum
2255 1322 2313 1370 res

433 1433 559 1516 gestas
588 1419 759 1517 alligasse
787 1420 897 1490 certis
925 1417 1071 1490 indiciis
1099 1416 1341 1515 significatur,
1377 1441 1507 1514 regum
1533 1417 1617 1490 dico
1636 1416 1884 1507 Persicorum,
1913 1420 2117 1493 Alexandri
2138 1437 2175 1496 et
2192 1421 2313 1499 Ptole-

433 1571 638 1635 maeorum,
666 1547 932 1643 imperatorum
969 1544 1236 1619 Romanorum,
1294 1542 1477 1619 Ordinum
1514 1570 1643 1645 regum
1682 1547 1931 1643 antiquiorum
1967 1550 2150 1622 rationem
2184 1552 2314 1626 haberi

432 1700 510 1747 non
539 1701 633 1772 opus
661 1688 716 1747 est
744 1691 897 1771 propter
923 1675 1160 1746 incertiorem
1181 1674 1347 1745 omnium
1375 1685 1462 1747 ante
1490 1673 1721 1746 dominatum
1749 1672 1947 1747 Persarum
1982 1689 2189 1774 temporum
2226 1706 2312 1753 con·

434 1802 636 1919 diciqnem:
665 1805 740 1875 imo
778 1800 954 1899 quidquid
982 1803 1051 1873 hac
1085 1813 1213 1875 nostra
1240 1800 1510 1900 disceptatione
1539 1803 1782 1893 effecerimus,
1810 1802 1857 1875 ad
1885 1806 2133 1902 antiquiorum
2165 1833 2309 1906 quoque

432 1945 645 2029 temporum
693 1931 983 2028 descriptionem
1026 1930 1276 2004 Eusebianam
1322 1955 1454 2027 reapse
1496 1930 1706 2026 pertinebit.
1779 1930 1997 2004 Translator
2035 1935 2233 2008 Armenius
2273 1952 2310 2010 et

432 2058 689 2158 Hieronymus
716 2061 753 2131 in
790 2062 897 2133 annis
926 2084 1054 2158 regum
1084 2086 1167 2133 cum
1202 2061 1309 2133 annis
1335 2058 1541 2131 Abrabami
1568 2059 1829 2155 comparandis
1856 2061 1952 2131 inter
1981 2087 2020 2133 se
2046 2076 2257 2160 congruunt
2290 2092 2311 2136 a

433 2186 531 2286 Cyro
562 2213 678 2284 usqne
707 2187 754 2259 ad
777 2185 1024 2278 Pertinacem,
1052 2187 1088 2260 id
1117 2200 1173 2260 est
1200 2212 1267 2284 per
1294 2212 1404 2259 omne
1432 2186 1522 2259 illud
1550 2200 1697 2283 tempus
1722 2211 1789 2283 per
1815 2188 1914 2284 quod
1942 2203 2160 2287 argumenta
2187 2218 2310 2264 rerum

432 2330 620 2413 gestarum
647 2317 693 2389 ab
712 2315 875 2390 Eusebio
901 2318 939 2389 in
967 2317 1127 2414 spatium
1155 2316 1375 2390 historicum
1402 2326 1580 2414 congesta
1609 2341 1693 2395 cum
1713 2315 1899 2389 uberrime
1919 2330 2129 2415 suppetunt,
2157 2336 2234 2391 tum
2263 2318 2309 2391 ad

433 2444 643 2544 augendam
671 2445 848 2517 historiae
876 2446 1048 2542 antiquae
1077 2444 1329 2542 cognitionem
1356 2444 1524 2541 inprimis
1552 2444 1702 2517 faciunt.

592 2650 692 2721 Anni
719 2675 848 2747 regum
876 2662 1058 2747 quotquot
1086 2674 1248 2748 unquam
1274 2650 1314 2722 in
1339 2674 1409 2723 usu
1435 2650 1595 2741 luerunt,
1623 2676 1698 2721 non
1719 2666 1874 2748 possunt
1900 2677 1975 2724 non
2005 2678 2086 2726 esse
2112 2671 2175 2727 aut
2202 2660 2309 2728 anni

433 2802 594 2874 regum
621 2777 720 2850 veri
748 2778 881 2874 quibus
908 2779 939 2850 is
967 2777 1045 2850 dies
1073 2803 1146 2873 quo
1172 2802 1241 2850 rex
1269 2778 1352 2875 quis
1377 2802 1534 2875 regnare
1561 2779 1719 2875 primum
1740 2781 1871 2876 coepit,
1899 2780 1979 2854 dies
1997 2782 2148 2878 primus,
2175 2784 2206 2855 is
2230 2782 2310 2857 dies

433 2906 495 3002 qui
521 2905 624 2977 illum
652 2930 776 2977 88888
799 2907 880 2978 viee
900 2905 1100 3004 praecedit,
1128 2906 1279 2979 ultimus
1306 2918 1374 2998 est,
1402 2920 1464 2978 aut
1492 2907 1596 2978 anni
1624 2932 1669 2979 re
1679 2933 1782 3004 gum
1817 2908 1980 2981 civiles
2008 2909 2142 3006 quibus
2169 2911 2310 3007 primus

431 3033 510 3107 dies
539 3033 626 3106 anni
654 3033 772 3106 civilis
801 3035 880 3106 eius
900 3060 972 3130 quo
1001 3046 1171 3107 vertente
1198 3059 1266 3108 rex
1293 3034 1374 3133 quis
1393 3059 1510 3131 regno
1530 3035 1668 3131 potitus
1686 3049 1754 3125 est,
1781 3037 1938 3128 initium,
1965 3038 2116 3111 ultimus
2144 3040 2308 3114 eiusdem

432 3164 518 3236 anni
555 3164 672 3236 civilis
709 3161 788 3235 dies
821 3162 907 3234 finis
943 3176 1017 3235 est:
1065 3175 1101 3235 et
1136 3162 1346 3261 ubicunque
1380 3178 1557 3235 constans
1592 3188 1614 3234 8
1647 3176 1744 3237 stato
1783 3165 1887 3237 initio
1930 3191 1997 3262 per
2035 3168 2158 3241 saecla
2190 3194 2305 3241 88888

430 3290 652 3365 numerandi
694 3316 778 3364 mos
812 3292 961 3388 ignotus
996 3305 1069 3382 est,
1107 3292 1292 3388 posterior
1329 3317 1449 3365 88888
1484 3315 1614 3386 regum
1650 3291 1889 3388 computandi
1926 3293 2060 3368 modus
2096 3311 2307 3395 usurpatur3

431 3446 540 3518 quem
569 3419 668 3516 quod
693 3420 887 3518 Aegyptiis
915 3421 1106 3518 proprium
1133 3445 1215 3494 esse
1242 3420 1355 3519 vulgo
1382 3434 1524 3518 putant,
1552 3420 1764 3517 superstitio
1793 3434 1850 3494 est
1876 3447 1981 3518 quae,
2006 3423 2105 3520 quod
2132 3425 2310 3499 latissime

433 3548 566 3620 diffusa
588 3561 654 3637 est,
682 3550 894 3644 superstitio
923 3573 1003 3622 esse
1027 3548 1251 3623 non·desiit.
1288 3548 1618 3647 chronographus,
1647 3548 1718 3621 nisi
1745 3551 1841 3623 sorte
1869 3576 1997 3648 regum
2027 3555 2141 3627 series
2168 3554 2309 3626 ordinis

430 3676 649 3774 posterioris
674 3677 712 3748 in
740 3691 915 3774 promptu
943 3678 1024 3767 fuit,
1052 3703 1137 3750 cum
1165 3679 1251 3750 anni
1278 3702 1407 3775 regum
1443 3678 1522 3751 veri
1549 3678 1846 3752 redundantibus
1873 3680 2064 3752 mensibus
2097 3706 2139 3751 ac
2174 3679 2306 3755 diebus

431 3831 515 3878 eum
544 3807 600 3877 cui
629 3806 764 3905 integri
792 3806 879 3878 anni
906 3807 944 3878 in
971 3807 1096 3878 album
1123 3804 1310 3879 referendi
1336 3806 1421 3898 sint,
1457 3807 1585 3880 iuvare
1619 3833 1696 3880 non
1732 3808 1886 3904 possint,
1924 3833 1999 3879 non
2027 3820 2151 3905 potest
2184 3810 2308 3883 lacere

431 3936 517 4031 quin
545 3949 717 4033 tempora
743 3960 944 4033 regnorum
970 3961 1017 4007 ex
1045 3950 1147 4009 certa
1172 3932 1331 4034 quadam
1365 3936 1496 4033 regula
1528 3926 1594 4008 ita'
1614 3937 1652 4008 in
1680 3935 1860 4033 quadrum
1894 3935 2048 4033 redigat,
2086 3951 2127 4010 ut
2160 3964 2309 4013 menses

430 4089 473 4136 ac
507 4063 585 4137 dies
619 4064 753 4162 partim
787 4066 1083 4161 supprimantur,
1113 4064 1246 4162 partim
1274 4063 1394 4139 solido
1422 4091 1521 4138 8888
1549 4066 1761 4162 aeqdentur.
1813 4064 1854 4136 ln
1884 4092 1928 4138 eo
1958 4067 2069 4164 igitur
2097 4079 2208 4165 caput
2238 4067 2310 4142 dis·

429 4192 634 4290 putationis
662 4207 811 4265 nostrae
839 4194 1003 4290 positum
1033 4206 1099 4284 est,
1127 4206 1216 4266 uta
1249 4218 1412 4290 quonam
1439 4195 1525 4267 armi
1562 4194 1679 4266 civilis
1712 4206 1849 4291 puncto
1883 4195 2017 4292 singuli
2055 4221 2185 4294 regum
2223 4199 2309 4271 anni

430 4321 575 4395 initium
603 4321 760 4416 capiant,
789 4320 1021 4420 indagemus,
1050 4336 1086 4395 et
1108 4336 1186 4395 tum
1213 4347 1284 4396 nos
1312 4348 1380 4395 acu
1406 4347 1484 4394 rem
1512 4324 1679 4421 tetigisse
1707 4322 1996 4396 existimandum
2024 4324 2104 4416 erit,
2132 4326 2194 4399 ubi
2222 4327 2308 4400 anni

427 4466 575 4550 tempus
610 4449 793 4525 eiusmodi
825 4452 1079 4527 invenerimus
1110 4478 1133 4524 a
1166 4478 1238 4549 quo
1275 4453 1597 4550 proficiscentibus
1631 4451 1816 4524 aberratio
1850 4452 2061 4549 agenuina
2095 4465 2302 4550 temporum

429 4583 575 4657 ratione
603 4581 762 4678 quaein
799 4583 870 4655 isto
909 4585 1013 4680 quasi
1039 4580 1268 4655 rotundandi
1299 4583 1453 4679 negotio
1489 4582 1642 4654 omnino
1676 4580 1806 4654 evitari
1838 4606 1914 4652 non
1944 4592 2079 4678 potest,
2107 4604 2214 4678 quam
2240 4579 2304 4650 mi-

429 4712 531 4785 nima
556 4712 612 4784 sit.

597 4895 641 4969 ln
675 4895 720 4969 iis
754 4920 848 4992 quae
883 4895 957 4967 iam
994 4908 1215 4993 sequuntur,
1250 4898 1387 4971 tabulis
1423 4898 1549 4971 insunt
1583 4895 1702 4993 primo
1735 4896 1819 4968 loco
1853 4918 1991 4967 nomen
2025 4894 2123 4993 regis
2160 4908 2197 4967 et
2224 4894 2310 4966 anni

430 5026 538 5124 regni
574 5049 621 5099 ex
649 5023 802 5098 Canone
829 5022 1061 5118 Eusebiano,
1096 5024 1262 5098 secundo
1298 5051 1418 5101 88888
1449 5024 1653 5099 Abrabami
1689 5048 1848 5119 quocum
1883 5023 2024 5119 primus
2058 5022 2157 5119 regis
2190 5048 2311 5097 annus

432 5155 615 5253 congruit,
642 5155 753 5227 tertio
781 5154 1000 5228 instauratio
1028 5168 1158 5228 nostra
1184 5153 1348 5229 Cononis
1375 5155 1422 5228 ad
1449 5180 1568 5228 annos
1593 5164 1678 5226 ante
1706 5152 1893 5227 Christum
1921 5152 1983 5225 vel
2009 5163 2094 5247 post
2121 5149 2311 5224 Christum

435 5283 729 5375 accommodata,
757 5296 887 5380 quarto
915 5286 1065 5381 propria
1092 5298 1129 5358 et
1155 5296 1328 5359 accurata
1344 5284 1525 5381 temporis
1552 5307 1624 5380 888
1650 5306 1717 5355 rex
1745 5307 1901 5379 regnum
1925 5279 2082 5377 adeptus
2109 5292 2177 5372 est,
2203 5281 2309 5354 notio

432 5439 479 5487 ex
507 5439 579 5511 qua
602 5424 682 5486 tota
707 5413 771 5485 illa
798 5413 1017 5487 instauratio
1045 5413 1194 5511 pendet.
