4846 5976
1356 272 1395 335 16

1180 360 1560 373 ψ

423 485 532 580 quale
562 484 684 579 priore
714 483 796 554 loeo
818 480 1108 570 nominavimus,
1135 507 1210 576 (pue
1240 482 1419 552 mendum
1453 484 1492 553 in
1527 506 1648 555 annos
1676 484 1885 579 principum
1914 508 1990 554 non
2018 483 2231 571 inferretur,
2260 483 2326 557 ha·

425 614 552 686 buisse
581 612 682 707 quod
711 610 932 687 offenderet.
988 608 1129 681 Verum
1163 635 1275 706 aegre
1310 610 1411 681 credi
1449 628 1574 706 potest
1610 636 1739 683 ansam
1775 612 1827 683 illi
1860 612 2141 707 interpolationi
2174 611 2327 686 dedisse

376 732 385 745 ⁸
424 767 614 814 annorum
643 742 689 813 ab
718 741 811 813 urbe
839 739 992 811 condita
1019 741 1339 834 computationem
1369 752 1499 835 utpote
1532 764 1628 834 quae
1665 740 1701 811 in
1737 734 1891 812 Eu‘sebii
1928 766 2041 836 opere
2077 741 2221 813 minimi
2247 766 2330 816 mo·

424 871 541 943 menti
570 856 777 965 sitneque,
806 895 889 940 eum
918 868 1101 941 obsoletis
1129 867 1187 941 his
1212 869 1381 941 virorum
1411 868 1610 941 doctorum
1636 869 1844 966 quisquiliis
1870 870 2032 941 lectores
2058 870 2168 941 l'aeile
2195 894 2328 945 carere

425 1011 591 1095 possent,
619 999 717 1070 ultra
744 1022 882 1069 atinum
910 995 1109 1071 occtxll.
1142 988 1191 1069 sit
1216 998 1457 1086 continuata3-
1488 1012 1785 1131 eurisentaneupn
1812 999 1938 1094 potius
1973 997 2124 1072 videtur
2158 1024 2242 1073 esse
2277 1000 2329 1074 ab
2388 980 2397 1007 ⁸

424 1124 694 1225 Olympiadem
730 1126 956 1217 rationibus,
996 1125 1148 1198 triennii
1188 1125 1467 1221 complemento
1504 1123 1718 1199 Eusebiano
1755 1138 1792 1199 et
1825 1127 1915 1223 ipsis
1949 1127 2121 1218 turbatis,
2160 1125 2328 1205 chrono-

425 1255 593 1352 graphiei
620 1255 718 1328 illius
746 1254 917 1352 figmenti
949 1255 1255 1350 explanationem
1290 1253 1534 1350 repetendam
1573 1275 1666 1346 esse,
1701 1255 1750 1328 ab
1776 1253 2066 1354 Olympiadibus
2096 1255 2212 1352 igitur
2241 1282 2329 1330 eum

425 1384 595 1457 bissexto
623 1383 767 1456 Iuliano
793 1385 1002 1457 coniunctis
1030 1384 1167 1480 quibus
1194 1382 1242 1455 ad
1261 1380 1499 1455 Pertinacem
1528 1408 1645 1481 usque
1670 1396 1843 1480 tempora
1870 1383 2045 1457 distinete
2071 1395 2171 1475 sunt,
2194 1388 2330 1460 mansi·

424 1525 504 1585 tum
532 1515 672 1586 factum
701 1496 783 1586 esde
812 1512 860 1584 ad
886 1538 1025 1586 novam
1055 1512 1243 1608 quandam
1270 1509 1539 1611 Olympiadum
1568 1515 1889 1609 computationem
1923 1512 1996 1584 alio
2028 1536 2185 1609 prorsus
2210 1514 2329 1589 modo

425 1641 644 1715 institutam.
699 1641 776 1713 lam
805 1654 953 1738 praeter
981 1643 1165 1739 genuinas
1185 1639 1431 1740 Olympiadas
1460 1666 1587 1713 earum
1613 1654 1761 1714 tantum
1776 1642 1925 1738 -quibus
1952 1640 2184 1713 lulianorum
2210 1666 2328 1719 auno·

425 1794 509 1842 rum
537 1756 773 1848 intercalatio
802 1771 982 1867 signatur,
1008 1771 1156 1843 ratione
1181 1772 1261 1843 fere
1292 1770 1423 1842 habita
1448 1769 1612 1869 Syneelli
1647 1769 1799 1867 quidam
1824 1771 1938 1851 loeus
1970 1768 2024 1841 de
2058 1770 2321 1869 Aegyptio·

428 1924 523 1971 rum
551 1897 922 1997 Olympiadibus
950 1899 997 1997 (p.
1024 1900 1111 1989 370,
1137 1896 1490 1996 lass.),.1nem0ria
1521 1898 1584 1971 ille
1610 1870 1943 1997 dignissimus,⁸ah
1977 1898 2153 1973 omnibus
2186 1896 2334 1991 adhuc,

427 2027 527 2125 quod
555 2028 682 2118 sciam,
710 2028 904 2124 neglectus
933 2039 1001 2119 est,
1027 2029 1189 2102 fortasse
1216 2028 1317 2125 quod
1345 2027 1541 2101 nonsatis
1573 2026 1864 2124 intellegeretur.
1918 2025 1965 2099 Et
2000 2027 2053 2100 uti
2087 2038 2179 2101 sabe
2211 2039 2325 2124 eaput

426 2156 537 2247 illud,
570 2170 611 2228 ut
639 2157 803 2252 ineptam
833 2183 928 2252 quae
956 2157 993 2228 in
1024 2156 1253 2230 editionibus
1278 2169 1347 2248 est,
1376 2156 1653 2229 distinctionem
1683 2157 1887 2246 mittamus,
1913 2154 2060 2227 risendis
2087 2155 2330 2230 librariorum

431 2298 469 2358 et
495 2285 747 2357 timidioribus
775 2285 1004 2381 quibusdam·
1040 2285 1254 2383 corrigendi
1295 2286 1452 2377 conatis,
1485 2285 1558 2355 iam
1586 2286 1625 2357 in
1652 2284 1942 2380 exemplaribus,
1976 2284 2048 2357 nisi
2084 2284 2211 2377 fallor,
2245 2285 2329 2359 eius

426 2439 538 2511 quem
575 2413 771 2512 Syneellus
805 2416 1022 2512 exscripsit,
1051 2414 1244 2512 scriptoris
1271 2412 1478 2512 (Panodori
1512 2427 1602 2511 puta
1642 2414 1704 2486 vel
1739 2415 1893 2506 Aniani)
1932 2414 2125 2510 perfectis,
2166 2412 2329 2487 subinde

427 2542 673 2639 depravatum
709 2557 776 2633 est,
817 2546 869 2616 ita
908 2569 986 2617 non
1026 2543 1122 2617 ade'o
1161 2556 1221 2617 est
1253 2554 1488 2639 corruptum,
1522 2543 1611 2638 quin
1648 2567 1697 2615 ex
1724 2541 1980 2615 arithmeticae
2008 2554 2117 2615 etex
2145 2539 2329 2637 diploma·

427 2672 522 2743 tieae
550 2696 659 2769 quam
687 2688 837 2764 vocant,
863 2672 953 2745 artis
979 2673 1190 2770 praeseptis
1223 2674 1261 2744 in
1293 2670 1393 2744 hune
1424 2685 1594 2743 tenorem
1623 2684 1726 2744 certo
1752 2673 1870 2768 possit
1897 2669 2058 2744 restitui:

596 2802 673 2881 Ουἰι
684 2798 832 2898 οἵμουσον
847 2795 875 2880 d
885 2797 928 2881 οίν
944 2807 991 2893 είη
1004 2805 1064 2881 κοιί
1077 2802 1136 2892 την
1151 2805 1455 2904 παρ’Λίγυπτίοιι
1473 2804 1551 2903 περί
1574 2804 1640 2879 τῶν
1658 2804 1926 2904 τετροιετηρικοῖν
1947 2790 2169 2901 ὀλυμπιοίίων
2190 2794 2316 2876 ἕννιιοιν

425 2925 541 3020 σ’ίλλην
556 2931 635 3008 τινοὶ
650 2958 700 3021 τῆς
722 2930 796 3029 (την
811 2930 936 3023 codd.)
948 2930 982 3027 ¹)
997 2933 1103 3034 ποιροὶ
1121 2947 1193 3011 τοῖς
1211 2927 1451 3025 Ἀθηναίοισί)
1471 2922 1575 3008 οὖσαν
1595 2931 1629 3009 ε’ν
1644 2930 1792 3033 Βραχεῖ
1808 2922 1960 3020 ίηλοῖσοιι
1980 2944 2051 3008 τοῖς
2072 2929 2261 3023 οὶγνοοῧσιν.
2306 2930 2325 3016 η

427 3058 501 3160 γοίρ
517 3057 637 3149 σελήνη
656 3063 742 3162 παρ’
762 3069 964 3156 Αἰγυπτίοις
983 3068 1098 3162 κυρίως
1115 3059 1295 3161 ὄλυμπιοίο
1312 3075 1490 3149 κοιλεῖτοιι,
1517 3053 1574 3139 deal
1597 3059 1637 3139 τί
1663 3060 1762 3140 κοιτοί
1789 3064 1878 3155 μῗηνοι
1896 3071 2094 3160 περιπολεῖν
2123 3056 2180 3135 τίν
2206 3047 2325 3153 {odra-

427 3185 481 3265 κον
508 3184 641 3277 κύκλον,
670 3182 703 3267 ἕν
731 3198 757 3267 οἱ
784 3194 936 3270 ποιλοιιοί
963 3192 1079 3269 endroit
1098 3186 1286 3289 Ὄλυμπον
1319 3187 1475 3268 ε’κοίλουν.
1537 3183 1629 3279 osdra
1659 3189 1733 3290 Ὺοίρ
1766 3187 1841 3267 οἰπό
1879 3192 2032 3289 κοιρκίνου
2057 3188 2119 3265 roi
2145 3179 2220 3266 idion
2242 3187 2341 3263 οίίιου.

426 3316 473 3395 οἷς
499 3316 576 3394 σι’πὸ
600 3315 736 3419 κέντρου
762 3316 998 3421 προερχομὲνη
1026 3320 1076 3398 τοὶ
1102 3317 1154 3407 ιβ’
1179 3316 1462 3417 κοοτοισποίζετοιι
1489 3310 1597 3414 §tidros
1622 3320 1655 3397 ἐν
1688 3317 1925 3420 νυχθημέροιε
1953 3315 2013 3396 κ9’
2046 3320 2104 3395 κοιί
2130 3294 2242 3414 tipho
2268 3316 2327 3390 κοιί

428 3459 572 3525 λεπτοῖς
601 3466 713 3541 pm
746 3446 833 3544 (λη’,
852 3446 890 3543 γ’
909 3444 1060 3563 duddi..
1079 3450 1131 3554 τῷ
1151 3440 1187 3526 le*
1211 3449 1357 3554 ἕνιοιυτῷ
1382 3438 1647 3554 ίλῳίωίεκοίκιε
1665 3447 1764 3526 αὐτοὶ
1790 3449 2031 3549 περιπολοῦσα
2056 3459 2185 3547 πληροῖ
2214 3445 2329 3541 vexi)-

426 3564 539 3676 ἥμεροι
565 3567 634 3653 τισί
661 3579 718 3654 κοιί
745 3571 834 3676 σ’ίροοι·
860 3576 886 3665 η’
912 3580 971 3654 κοιί
998 3577 1124 3657 λεπτοί
1147 3596 1191 3654 va'
1220 3576 1273 3677 (μ’
1301 3575 1438 3673 codd).
1455 3578 1492 3673 ⁸)
1520 3582 1535 3658 ὁ
1563 3570 1598 3655 dr*
1623 3571 1715 3666 ἥλιος
1750 3579 1783 3654 ἕν
1810 3576 2042 3678 νυχθημὲροις
2068 3568 2152 3674 eff,
2180 3567 2211 3651 δ’
2236 3602 2332 3673 περι·

428 3718 535 3782 πολεῖ
561 3704 616 3782 τον
644 3705 748 3783 σιυτόν
768 3702 966 3800 Ὄλυμπον,
998 3707 1044 3784 οἷς
1070 3709 1266 3786 λείπεσθαι
1293 3707 1349 3785 τον
1376 3708 1571 3798 σεληνιοιιιὲν
1605 3705 1754 3786 ἕνιοιυτδν
1786 3709 1847 3785 τοῦ
1880 3707 2025 3793 ηλιοικοῧ
2051 3700 2263 3802 νυχθήμερον
2298 3700 2333 3787 ι’,

428 3826 522 3935 σίροιε
555 3832 620 3924 κοί,
651 3836 776 3913 λεπτοί
808 3854 835 3910 ν·
865 3833 905 3931 (ε’
931 3833 1068 3930 codd).
1117 3851 1245 3938 πληροῖ
1267 3830 1320 3915 οὖν
1355 3838 1371 3914 ὅ
1402 3830 1495 3927 ἥλιος
1526 3838 1560 3914 ἓν
1595 3828 1786 3935 ὀλυμπιάίι
1819 3837 1886 3939 proi
1913 3831 2161 3935 τετροιετηρικῇ
2191 3827 2329 3930 ἡμέρας

427 3956 556 4062 ,οιυξσε’,
574 3963 593 4052 η
613 3954 648 4040 dr*
667 3961 790 4051 σελήνη
809 3961 1019 4066 ιυχθημεροο
1036 3962 1152 4061 ,aregh
1170 3960 1264 4068 σ’ίροιε
1282 3965 1341 4058 ιοί,
1354 3966 1480 4047 λεπτοὶ
1498 3985 1555 4060 κο,
1572 3991 1619 4042 καὶ
1641 3963 1705 4061 (κε’
1734 3963 1872 4053 sodli,
1903 3961 1963 4042 ad‘
1991 3959 2073 4033 00d·
2101 3963 2136 4031 Α
2154 3980 2191 4030 et
2220 3956 2324 4047 Θάἀ·)

428 4089 574 4179 σελήνιον
584 4089 620 4187 ⁴)
649 4082 682 4169 h
708 4094 767 4170 κοιί
794 4087 905 4192 ἥμισυ.
943 4095 978 4172 ἓν
1012 4086 1048 4172 d?
1076 4094 1241 4197 σ’λυμιοίσι
1270 4088 1326 4174 dv'o
1352 4102 1503 4191 γίνονται
1529 4094 1670 4183 σελήνιον
1696 4092 1776 4192 ,¹⁸52
1811 4094 2021 4197 νυχθήμεροι
2046 4089 2082 4175 le*
2108 4085 2273 4193 βῗικβί
2302 4085 2334 4165 οἳ

428 4224 487 4299 καί
514 4221 530 4298 0⁴
557 4215 649 4308 ἥλιος
673 4223 707 4298 ἐν
734 4236 803 4300 sois
833 4220 859 4311 η’
885 4220 988 4300 ἔτεσι·
1017 4227 1082 4302 Κοιί
1106 4223 1251 4315 τοιοουῗτη
1277 4224 1380 4327 pirri
1408 4228 1482 4305 raia·
1501 4233 1698 4321 Αἰγυπτίων
1725 4217 1810 4327 differ
1837 4230 1914 4326 περί
1948 4219 2178 4321 &hepatoides

602 4346 635 4444 ¹)
669 4344 895 4423 Emendavit
931 4348 1153 4425 Guilielmus
1180 4350 1352 4425 Dindori.
1414 4353 1450 4450 ²)
1485 4351 1628 4451 Nempe
1664 4354 1860 4453 Syneellus
1895 4355 2064 4428 ordinem
2103 4358 2326 4431 archontum

428 4475 714 4549 Atheniensium
744 4502 827 4550 eum
856 4475 1124 4577 Olympiadum
1162 4485 1270 4555 annis
1298 4483 1540 4555 commissum
1568 4486 1741 4582 repperit.
1798 4483 1833 4575 ³)
1863 4482 2083 4559 Mendosum
2118 4487 2265 4559 literam
2292 4489 2331 4591 μ’

428 4605 508 4677 veri
543 4606 661 4678 simile
698 4621 754 4678 est
790 4608 863 4678 iam
899 4608 934 4679 in
970 4608 1101 4681 codiee
1129 4608 1320 4683 Parrodori
1357 4613 1518 4708 positam
1550 4614 1664 4686 fuisse
1699 4615 1737 4685 in
1764 4638 1887 4704 rausa,
1923 4640 1989 4687 eur
2024 4630 2169 4697 λεπτοῖς
2195 4630 2326 4697 τουτου

428 4733 582 4836 ροίκοντοι
609 4734 792 4839 σε’ττοιρσι,
821 4736 995 4845 τετοίρτῳ,
1021 4739 1057 4809 id
1091 4739 1192 4836 quod
1225 4741 1373 4837 apicum
1406 4741 1596 4813 literarum
1632 4743 1776 4815 ratione
1811 4742 1941 4816 habita
1973 4770 2049 4817 non
2083 4746 2135 4818 ita
2171 4745 2326 4819 diliieile

428 4882 519 4954 erat,
548 4888 632 4935 cum
660 4880 803 4945 λεπτοῖς
830 4865 1102 4970 τεττοιροίκοντοι
1128 4872 1230 4972 τρισί,
1257 4876 1362 4979 τρίτῳ
1391 4882 1677 4966 permutaretur,
1705 4870 1804 4944 unde
1824 4872 1922 4969 apud
1942 4871 2159 4971 Syneellum
2178 4876 2329 4973 longius

429 5006 591 5090 vagante
618 4994 832 5090 corruptela
860 5011 1006 5077 λεπτοῖς
1029 4996 1104 5094 np‘,
1129 4997 1166 5095 γ’
1194 5000 1368 5071 effectum
1397 5016 1461 5072 est.
1515 4997 1552 5095 ⁴)
1581 4996 1685 5073 Haeo
1720 5024 1797 5075 vox
1829 5001 2024 5076 evidenter
2057 5003 2116 5076 hie
2144 5005 2195 5076 ita
2222 5029 2329 5076 usur·

428 5135 527 5217 pata,
562 5135 601 5193 ut
636 5121 857 5195 sollemnem
890 5125 964 5196 vim
993 5124 1133 5200 habeat
1159 5129 1267 5223 spatii
1303 5154 1376 5226 quo
1405 5129 1508 5202 orbis
1542 5102 1801 5203 lustratibnem
1836 5131 1926 5204 luna
1966 5132 2146 5230 complet,
2179 5133 2329 5208 Graeco

428 5251 550 5325 lexico
576 5252 809 5325 restituenda
836 5268 900 5325 est.

597 5379 726 5478 Itaque
754 5407 838 5453 cum
858 5384 1132 5482 Aegyptiorum
1150 5383 1348 5487 Olympias
1375 5389 1467 5463 nihil
1487 5389 1536 5462 sit
1561 5388 1633 5461 nisi
1652 5372 1879 5462 elementum
1908 5390 2157 5485 oetaeteridis,
2184 5391 2329 5490 priuius
