4860 5970
1208 282 1246 345 ll

276 515 408 588 decem
443 512 578 584 diebus
612 519 829 606 augeretur:
864 530 987 603 neque
1023 506 1123 579 enim
1159 530 1182 577 a
1214 501 1601 597 dictamnum,
1636 505 1668 577 si
1702 505 1832 579 stricta
1864 504 2176 603 interpretatione

277 644 426 732 utimur,
453 639 500 712 ad
527 638 625 710 diem
655 638 715 710 25.
744 633 906 707 lanuarii
934 636 981 706 41
1010 631 1080 708 Gai
1108 635 1196 706 anni
1224 631 1275 704 lll
1304 657 1454 706 menses
1480 631 1515 704 X
1541 634 1796 730 porriguntur,
1822 632 1890 707 sed
1917 634 1964 706 ad
1992 633 2090 706 diem
2117 636 2177 705 15.

446 768 486 840 ln
514 764 710 839 Pertinace
745 789 823 837 non
860 775 1006 836 tantum
1042 786 1252 836 consensus
1285 759 1439 833 Eusebii
1468 785 1552 832 cum
1579 760 1814 861 Hieronymo
1841 776 1975 854 cessat,
2012 761 2078 836 sed
2114 762 2177 835 ille

283 897 396 971 etiam
416 921 499 969 curn
522 920 614 967 vera
632 912 847 989 temporum
865 892 1012 964 ratione
1039 914 1249 987 congruere
1277 888 1427 978 desinit,
1456 900 1493 961 et
1511 889 1622 962 simul
1648 915 1726 962 non
1745 891 1960 963 intermissa
1987 914 2033 963 eo
2061 915 2178 988 usque

276 1040 583 1123 argumentorum
611 1021 721 1118 spatii
751 1019 921 1094 historici
948 1019 1104 1092 ubertas
1132 1017 1258 1091 subito
1285 1016 1491 1089 exarescit:
1526 1017 1579 1088 ita
1611 1019 1740 1090 omnia
1773 1019 1989 1115 primarium
2023 1016 2177 1092 Eusebii

276 1155 421 1226 fontem
448 1153 509 1225 hic
529 1150 713 1224 defecisse
733 1148 947 1245 significant
991 1147 1068 1219 lam
1097 1147 1128 1221 si
1155 1147 1245 1220 anni
1271 1145 1510 1244 regnantium
1537 1144 1720 1219 hactenus
1746 1148 1783 1219 in
1811 1148 1936 1220 album
1957 1147 2064 1220 relati
2091 1172 2176 1219 eum

276 1283 413 1355 annis
440 1278 699 1355 Abrahami
727 1275 918 1372 quomodo
947 1276 1154 1372 comparati
1186 1276 1271 1366 sint,
1305 1273 1425 1347 oeulis
1458 1273 1741 1370 perlustramus,
1777 1276 1989 1349 invenimus
2014 1276 2177 1372 primum

276 1435 417 1484 annum
447 1406 650 1480 Abrahami
678 1430 700 1476 a
728 1401 827 1502 Oyro
856 1402 904 1475 ad
931 1401 1191 1476 Ptolemaeum
1219 1402 1283 1476 HI.
1311 1415 1512 1499 aequatum
1540 1427 1623 1474 esse
1658 1427 1758 1475 anno
1794 1405 1853 1500 qui
1883 1418 1940 1476 est
1966 1428 1989 1475 a
2015 1403 2177 1476 solstitio

278 1540 376 1611 2016
405 1536 451 1608 ad
479 1524 680 1607 solstitium
707 1532 807 1603 2015
835 1557 865 1604 a.
892 1529 945 1622 0.,
979 1530 1116 1604 deinde
1154 1528 1425 1605 aPtolemaeo
1458 1527 1523 1601 IV.
1555 1528 1603 1602 ad
1627 1526 1867 1627 Cleopatram
1903 1557 2002 1604 anno
2030 1532 2092 1628 qui
2119 1544 2177 1605 est

277 1667 325 1738 ab
354 1663 559 1738 autumnali
588 1660 827 1758 aequinoctio
856 1661 956 1731 2018
984 1659 1030 1732 ad
1059 1673 1131 1733 aut.
1158 1685 1236 1758 aeq.
1264 1661 1360 1731 2017
1390 1670 1421 1731 a.
1442 1657 1491 1750 0.,
1519 1658 1733 1756 ἀεῃίᾳιιθέι
1754 1657 1914 1732 Caesare
1943 1659 1989 1731 ad
2009 1657 2177 1733 Pertina-

278 1820 359 1866 cem
392 1818 491 1866 anno
528 1791 590 1889 qui
628 1802 685 1862 est
719 1789 766 1861 ab
805 1787 1012 1861 autumnali
1042 1787 1289 1884 aequinoctio
1326 1789 1421 1861 2017
1459 1786 1508 1859 ad
1540 1799 1615 1861 aut.
1642 1813 1719 1885 aeq.
1747 1789 1846 1860 2016
1882 1813 1914 1860 a.
1942 1787 1979 1861 0.
2031 1786 2176 1861 Harum

276 1923 542 2020 aequationum
571 1942 666 2014 quae
701 1916 921 2006 mediaest,
948 1917 988 1987 in
1017 1941 1171 1989 censum
1198 1942 1275 1991 non
1312 1918 1417 1990 venit
1447 1917 1584 2014 quippe
1619 1918 1679 1990 cui
1713 1918 1775 2013 qui
1810 1941 1939 1989 ansam
1979 1915 2177 2008 dederunt,

275 2066 486 2145 temporum
516 2045 667 2119 ordines
695 2046 779 2118 loco
808 2045 901 2118 moti
928 2055 1061 2142 postea
1086 2045 1125 2118 in
1148 2046 1336 2144 integrum
1365 2045 1525 2118 restituti
1553 2046 1644 2135 sint;
1670 2045 1833 2118 reliouae
1860 2045 1956 2118 duae
1982 2045 2177 2119 mensibus

277 2179 437 2251 novenis
470 2176 620 2248 distant.
678 2172 771 2247 lnde
807 2173 968 2246 efficitur
1003 2197 1124 2245 annos
1157 2176 1220 2269 qui
1254 2198 1411 2247 normae
1454 2174 1572 2247 instar
1608 2188 1713 2265 sunt,
1750 2173 1956 2246 Abrahami
1995 2199 2117 2269 neque
2153 2201 2177 2246 a

273 2306 438 2379 solstitio
466 2329 586 2401 neque
623 2304 670 2375 ab
706 2302 913 2376 autumnali
949 2302 1189 2397 aequinoctio
1221 2302 1388 2399 incipere
1423 2303 1610 2400 potuisse:
1635 2303 1667 2375 si
1696 2328 1806 2376 secus
1830 2320 1949 2395 esset,
1983 2329 2049 2375 eos
2078 2301 2178 2375 haud

280 2433 392 2507 dubie
421 2460 541 2506 annos
577 2406 674 2505 inier
709 2456 751 2505 se
779 2418 1009 2526 exaequatos
1038 2428 1254 2503 videremus
1281 2431 1342 2528 qui
1375 2418 1553 2503 trimestri
1587 2431 1709 2504 solum
1746 2431 1868 2541 spatio
1904 2443 2062 2528 excepto
2091 2456 2179 2504 eon·

275 2576 422 2660 gruunt.
483 2561 560 2633 lam
598 2584 681 2633 cum
710 2585 832 2632 annus
868 2584 891 2631 a
917 2557 1063 2655 pascha
1097 2559 1244 2631 initium
1280 2558 1426 2632 habens
1451 2557 1603 2632 Eusebii
1637 2572 1861 2656 tempestate
1895 2560 1932 2631 in
1969 2584 2039 2632 usu
2066 2560 2179 2631 fuerit

273 2694 414 2781 nullus,
444 2714 565 2761 annus
594 2714 685 2761 vero
705 2685 899 2760 Romanus
919 2713 942 2757 a
959 2686 1141 2760 Kalendis
1167 2686 1351 2760 ianuariis
1374 2688 1557 2784 incipiens
1576 2714 1643 2786 per
1669 2700 1791 2761 totum
1813 2688 1943 2760 orbem
1962 2685 2176 2761 Ronlanum

277 2819 409 2891 crebro
439 2831 637 2911 usurpatus
666 2816 724 2906 sit,
763 2829 1050 2887 controversum
1086 2840 1169 2886 esse
1202 2816 1333 2911 nequit
1364 2841 1485 2889 annos
1521 2815 1733 2889 Abrahami
1762 2816 1897 2913 quibus
1924 2813 2109 2890 Eusebius
2136 2816 2176 2888 in

276 2961 488 3041 temporum
508 2939 848 3039 computandorum
867 2941 1077 3014 rationibus
1096 2940 1255 3015 diversis
1273 2943 1371 3015 inter
1390 2968 1430 3015 se
1450 2944 1722 3041 componendis
1742 2969 1831 3017 usus
1851 2958 1919 3035 est,
1947 2970 2067 3018 annos
2095 2969 2177 3019 csse

276 3073 441 3147 Iulianos
482 3087 518 3145 et
553 3096 695 3144 annum
735 3070 941 3143 Abrahami
978 3071 1140 3167 primum
1175 3071 1214 3142 in
1249 3095 1389 3142 annum
1423 3072 1485 3168 qui
1514 3086 1571 3145 est
1606 3098 1628 3144 a
1661 3072 1721 3145 die
1750 3075 1784 3144 1.
1813 3072 1975 3145 lanuarii
2002 3073 2048 3171 ad
2076 3072 2176 3147 diem

277 3204 336 3274 31.
365 3200 586 3275 Decembris
613 3201 713 3272 2016
740 3225 772 3271 a.
792 3197 844 3290 0.,
871 3212 1004 3272 exacte
1031 3197 1225 3297 quadrare.
1264 3200 1377 3272 Anno
1396 3201 1497 3272 1240
1522 3201 1614 3274 Abr.
1642 3202 1703 3298 qui
1731 3218 1789 3275 est
1817 3203 1888 3274 777
1910 3228 1940 3274 a.
1962 3200 2015 3295 0.,
2033 3203 2177 3299 primus

277 3356 398 3402 annus
426 3331 567 3426 primae
592 3328 829 3427 Olympiadis
856 3340 1037 3426 aequatur
1063 3352 1158 3426 quae
1185 3328 1238 3400 ita
1263 3328 1403 3401 iustum
1422 3326 1689 3427 Olympiadem
1718 3330 1863 3402 initium
1891 3357 1967 3404 uno
2002 3343 2039 3404 et
2072 3331 2179 3404 dimi·

278 3457 379 3530 diato
425 3483 524 3530 anno
561 3458 787 3554 praecurrit:
859 3455 1165 3554 Olympiades
1197 3456 1311 3553 igitur
1344 3454 1580 3530 Eusebianae
1617 3482 1693 3529 non
1733 3460 1919 3555 genuinae
1960 3475 2065 3549 sunt,
2108 3458 2176 3532 sed

276 3586 535 3659 tetraeterides
564 3585 732 3658 Iulianae
767 3590 922 3682 quarum
956 3585 1163 3658 bissextilis
1197 3585 1354 3682 quisque
1388 3608 1509 3658 annus
1538 3582 1763 3685 Olympiade
1798 3587 1973 3684 signatur.
2036 3587 2178 3661 Contra

276 3714 531 3813 Hieronymus
559 3741 644 3787 eum
663 3712 900 3812 Olympiadis
927 3715 1069 3810 primae
1097 3738 1237 3786 annum
1264 3713 1427 3809 primum
1455 3738 1555 3784 anno
1582 3713 1794 3788 1241Abr.
1815 3718 1876 3813 qui
1903 3729 1960 3790 est
1979 3715 2052 3788 776
2072 3744 2100 3788 a.
2121 3714 2177 3808 0,,

279 3841 570 3938 respondentem
600 3843 699 3931 l'acit,
727 3840 1071 3939 pseudolympiacis
1098 3867 1209 3914 veros
1228 3840 1495 3941 Olympiadum
1522 3866 1642 3915 annos
1661 3843 1853 3917 substituit
1879 3870 2018 3942 eosque
2046 3860 2177 3918 nostro

278 3994 381 4042 more
410 3971 665 4066 superioribus
693 3971 900 4067 quibusque
928 3970 1037 4043 annis
1063 3969 1218 4043 Iulianis
1247 3972 1432 4067 aequavit.
1484 3971 1605 4043 Anni
1642 3971 1698 4044 ab
1724 3972 1838 4045 urbe
1872 3973 2066 4046 condita
2099 4000 2175 4047 non

277 4097 518 4171 inveniuntur
541 4097 611 4169 nisi
631 4098 668 4169 in
689 4099 864 4194 exemplo
883 4100 1122 4190 Armeniam,
1141 4098 1209 4171 sed
1235 4124 1282 4172 ne
1309 4099 1370 4171 hic
1389 4098 1537 4195 quidem
1558 4101 1657 4172 ultra
1687 4100 1830 4198 primos
1854 4127 1973 4173 annos
1992 4099 2178 4176 ccctxll

277 4227 482 4299 continuati
511 4240 608 4300 sunt.
655 4226 711 4300 lbi
741 4226 883 4322 primus
911 4226 1014 4300 urbis
1030 4226 1205 4301 conditae
1224 4252 1346 4301 annus
1374 4253 1474 4300 anno
1493 4227 1699 4300 Abrahami
1720 4230 1819 4301 1264
1834 4231 1912 4303 sive
1933 4228 2080 4329 Olymp.
2104 4231 2176 4321 Vll,

282 4359 313 4444 1,
349 4353 385 4425 id
420 4373 475 4426 est
508 4382 607 4429 anno
636 4356 709 4428 753
747 4380 777 4427 a.
805 4351 857 4445 0.,
885 4358 1073 4431 convenit.
1126 4354 1309 4429 Varronis
1343 4357 1456 4452 igitur
1489 4358 1811 4454 computationem
1846 4356 2030 4432 Eusebius
2073 4384 2179 4433 secu·

277 4498 338 4557 tus
366 4496 432 4556 est.
