4860 5970
1186 256 1230 319 26

259 508 353 572 un-
368 504 441 570 ιιι·
955 459 1343 607 5555155ῑο
1383 457 1779 606 tentatae·
1821 500 1966 585 rema·
1988 523 2122 565 vem-

259 658 330 732 A’.
368 702 418 713 —
444 656 668 733 vicennalia
689 658 927 732 Constantini
1031 652 1333 747 2343012784.
1437 654 1737 735 2342012762,
1765 657 1798 729 d.
1820 656 2089 730 2515111325.

484 758 726 833 Nicomediae
737 776 927 832 actaetse·
1011 756 1332 832 ConstantiniXX.
1361 756 1596 830 Constantini
1612 754 1694 828 XX.

482 860 611 977 quenti
646 885 747 933 anno
785 858 927 932 Romae
1363 858 1515 955 (lemma
1531 857 1737 973 secpnodum

484 962 594 1035 “hm
745 1018 750 1031 '
1375 957 1738 1156 tltlftttlffl·

429 1216 612 1305 Quamvis
643 1217 825 1289 librorum
854 1215 1037 1287 memoria
1071 1216 1175 1287 varie
1203 1215 1360 1288 fluctuet
1388 1232 1424 1287 et
1457 1215 1713 1313 Hieronymus
1747 1218 1783 1287 in
1811 1214 1957 1288 Graeco
1984 1216 2175 1333 exemplo

261 1345 509 1443 exprimendo
536 1346 596 1417 hic
625 1345 859 1441 potissimum
881 1368 1013 1441 parurn
1040 1344 1111 1417 sibi
1135 1344 1356 1433 constiterit,
1384 1343 1422 1415 id
1448 1358 1575 1416 tamen
1603 1369 1719 1415 exea
1747 1370 1862 1441 qnam
1885 1345 2176 1440 proposuimus,

259 1474 389 1547 tabula
420 1490 524 1546 certo
553 1473 742 1570 colligitur
767 1472 1036 1569 imperatorum
1064 1496 1186 1545 annos
1212 1471 1260 1543 ad
1287 1497 1382 1568 quos
1409 1473 1513 1545 solos
1540 1474 1600 1569 qui
1626 1473 1748 1544 adhuc
1778 1470 1932 1544 Ganone
1972 1474 2028 1545 usi
2066 1486 2174 1563 suut,

260 1602 425 1674 animum
454 1601 706 1691 attenderunt,
732 1599 826 1673 nihil
854 1624 1010 1697 prorsus
1043 1600 1167 1672 facere
1204 1570 1251 1671 id
1287 1612 1435 1695 tempus
1470 1601 1788 1698 cognoscendum,
1818 1600 2001 1696 duplicem
2037 1601 2173 1696 potius

259 1755 343 1803 curn
375 1732 411 1803 in
436 1731 625 1826 prioribus
644 1729 810 1802 Canonis
835 1728 1032 1824 capitibus,
1058 1742 1136 1800 tum
1165 1728 1224 1800 hic
1248 1731 1432 1801 rationem
1459 1730 1618 1801 invicem
1646 1730 1828 1825 usurpari,
1847 1720 2006 1800 'alteram
2046 1754 2172 1801 anno·

261 1884 343 1931 rum
372 1858 577 1930 Abrahanti
608 1872 645 1931 et
673 1856 1053 1955 pseudolympiadum
1082 1883 1167 1930 cum
1194 1858 1239 1930 iis
1266 1860 1567 1955 congruentium,
1587 1859 1742 1929 alteram
1762 1860 2006 1953 penninarum
2032 1856 2172 1956 Olym·

260 1987 411 2082 pindum
459 1987 593 2083 quibus
637 1984 963 2083 chronographica
999 1984 1161 2081 quodam
1204 1986 1384 2083 figmento
1421 1986 1775 2085 pseudolympiades
1811 1987 1894 2057 illae
1929 2000 2174 2081 exaequatae

259 2132 354 2187 sunt.
375 2114 414 2187 ln
444 2116 506 2186 illa
533 2116 814 2211 computatione
841 2114 914 2184 iarn
944 2126 1047 2209 patet
1072 2139 1141 2185 nec
1169 2116 1349 2187 transitus
1376 2114 1422 2184 ab
1450 2114 1740 2212 Olympiadibns
1761 2112 1911 2184 lulianis
1936 2111 1985 2184 ad
2015 2114 2171 2211 Aegyp·

260 2246 376 2317 tiacas
401 2244 548 2314 triernrii
571 2243 849 2339 complemento·
862 2242 1047 2314 conciliati
1067 2266 1137 2314 nec
1152 2257 1284 2338 postea
1301 2246 1480 2315 transitus
1499 2245 1546 2314 ab
1566 2245 1624 2315 bis
1645 2242 1691 2313 ad
1707 2240 1953 2339 Olympiadas
1971 2239 2165 2314 Romano·

263 2396 342 2443 rum
373 2370 568 2467 paschales
595 2372 779 2443 rationem
808 2368 975 2442 habitam
1002 2395 1096 2451 esse,
1116 2370 1181 2442 sed
1202 2397 1224 2442 a
1248 2373 1479 2467 temporibus
1498 2371 1704 2444 Pertinacis
1724 2397 1770 2441 ex
1801 2370 1858 2443 his
1886 2369 2072 2441 Romanis
2099 2394 2164 2442 seu

259 2525 410 2597 quoquo
425 2499 577 2571 nomine
593 2525 656 2572 eas
672 2499 861 2595 appellare
875 2499 1017 2589 libebit,
1028 2496 1315 2596 Olympiadibns
1332 2525 1425 2596 qnae
1439 2527 1457 2571 a
1472 2499 1530 2571 die
1543 2505 1572 2571 l.
1583 2499 1743 2571 lanuarii
1755 2501 1826 2569 ‘l'i9
1837 2496 2165 2594 a.C.consurgunt,

259 2640 299 2701 et
314 2654 360 2701 ex
377 2630 483 2701 annis
492 2629 694 2699 abrahami
704 2653 788 2699 cum
799 2628 1060 2699 iisconiunctis
1075 2652 1232 2723 quornm
1241 2627 2159 2717 diesi.lannarii2018a.C.initiurnest,numerari

421 2782 522 2855 ldenr
544 2782 721 2855 etiamad
750 2782 1129 2877 antiquissimam
1158 2800 1337 2880 partem
1359 2783 1566 2857 Cononis
1594 2782 2161 2881 anteOlytnpiadumini·

259 2914 374 2983 tium
396 2912 582 3007 pertinere
601 2910 721 2982 simile
741 2928 797 2983 est
815 2911 903 2983 veri.
928 2909 1199 2985 Eratosthenes
1213 2914 1317 2985 cuius
1333 2913 1404 2983 iam
1423 2914 1565 3009 pridem
1586 2914 1773 2985 sententia
1787 2912 1990 2983 universali
1999 2896 2160 2984 hucteri-

261 3054 338 3113 tatc
368 3040 571 3129 fruebatur,
604 3040 724 3135 ipsum
761 3036 897 3111 'l'roiae
925 3039 1111 3111 excidium
1142 3043 1391 3113 collocaverat
1438 3044 1473 3113 in
1511 3044 1664 3114 exeunti
1701 3044 1800 3112 antro
1836 3038 2064 3137 Olympiaeo
2099 3040 2154 3135 qui

261 3185 320 3241 est
347 3196 368 3238 a
395 3168 554 3239 solstitio
582 3194 611 3241 a.
643 3167 740 3239 1184
767 3166 814 3238 ad
842 3166 1041 3241 solstitium
1071 3195 1100 3241 a.
1125 3171 1223 3240 1183
1251 3195 1280 3241 a.
1309 3168 1360 3263 C,
1386 3196 1568 3242 annornm
1609 3197 1631 3240 a
1664 3168 1798 3239 Troiae
1835 3166 1984 3238 excidio
2015 3168 2139 3239 initium

260 3300 402 3370 fecerat
430 3298 476 3366 ab
504 3322 603 3368 anno
631 3296 800 3393 sequenti
831 3297 892 3391 qui
921 3310 978 3369 est
1012 3323 1034 3367 a
1059 3298 1221 3370 solstitio
1249 3324 1278 3369 a.
1308 3301 1406 3368 1183
1445 3299 1490 3369 ad
1519 3300 1720 3371 solstitium
1748 3323 1778 3366 a.
1807 3296 1903 3366 1182
1933 3320 1964 3368 a.
1995 3294 2142 3385 C.,aute

263 3450 384 3498 atticos
405 3422 610 3497 OOCCVll.
639 3428 780 3521 primae
810 3421 1054 3523 Olympiadis.
1108 3424 1201 3499 Cum
1229 3452 1351 3522 neque
1379 3429 1438 3522 qni
1470 3425 1631 3498 Eusebio
1660 3426 1808 3522 placuit,
1835 3423 1994 3495 Troiani
2024 3418 2153 3496 excidii

260 3578 382 3625 annus
409 3556 483 3624 835
511 3554 597 3626 Abr.
626 3556 686 3648 qui
716 3578 763 3624 ex
790 3578 834 3625 ea
861 3579 934 3651 qua
959 3556 1037 3626 fere
1068 3557 1118 3627 uti
1146 3556 1287 3644 maluit,
1315 3556 1459 3627 ratione
1496 3581 1578 3627 esse
1615 3579 1735 3625 annus
1771 3553 1868 3624 1182
1897 3576 1929 3623 a.
1958 3552 1999 3624 C.
2029 3570 2156 3649 putan-

262 3682 334 3753 dus
362 3698 428 3772 est,
457 3707 576 3777 neque
605 3678 763 3755 COCCV
797 3705 979 3753 annorum
1009 3682 1055 3753 ad
1090 3685 1247 3779 primam
1275 3679 1536 3781 Olympiadem
1565 3683 1803 3755 intervallum
1836 3681 2061 3752 nominatim
2099 3702 2158 3751 ex·

259 3836 428 3906 pressum
460 3835 613 3906 usquam
643 3809 729 3880 alibi
758 3811 1008 3901 inveniantur,
1037 3836 1111 3882 non
1141 3836 1341 3906 possumus
1373 3817 1497 3882 tacere
1530 3813 1618 3907 quin
1655 3810 1753 3882 aliud
1791 3835 1900 3906 quam
1937 3806 2159 3902 opinionem

262 3936 571 4011 Eratostheneam
602 3936 748 4008 modice
777 3952 1022 4034 temperatam
1051 3940 1206 4011 subesse
1234 3965 1425 4036 negemus.
1472 3941 1584 4013 Cuius
1608 3939 1894 4035 temperationis
1918 3962 2015 4034 quac
2042 3960 2160 4008 causa

260 4067 318 4155 sit,
354 4068 504 4162 planum
535 4068 613 4156 erit,
650 4070 680 4137 si
714 4067 905 4138 biennium
942 4066 1040 4162 quod
1082 4066 1140 4137 hic
1177 4067 1421 4160 desideratur,
1459 4069 1557 4140 idem
1593 4082 1680 4165 post
1715 4065 1923 4140 Pertinacis
1956 4064 2159 4161 imperium

259 4193 471 4267 redundare
499 4196 723 4267 meminoris.
776 4192 994 4267 Dummodo
1023 4193 1226 4267 Eusebium
1255 4196 1293 4268 in
1322 4213 1403 4270 toto
1432 4200 1553 4294 spatio
1581 4199 1679 4270 inter
1704 4194 1971 4293 Olympiadnm
2006 4193 2158 4265 initium

262 4334 300 4395 et
342 4321 547 4395 Pertinacis
582 4322 694 4396 finem
734 4323 931 4396 interiecto
966 4325 1199 4397 notationem
1234 4325 1500 4425 Olympiadum
1542 4352 1626 4398 cum
1667 4324 1774 4396 annis
1810 4322 2019 4395 Abrahami
2054 4332 2158 4394 com·

262 4453 465 4546 positarum
504 4452 586 4523 loeo
621 4464 762 4523 motam
800 4450 898 4524 binis
935 4453 1044 4525 anuis
1077 4455 1279 4526 retraxisse
1313 4453 1488 4552 ponendo
1524 4455 1638 4550 priori
1672 4450 1835 4527 Cononis
1871 4452 1967 4549 parti
1994 4449 2160 4523 eandem

261 4606 371 4676 quam
410 4592 635 4676 postremae,
675 4581 937 4675 aequationem
971 4582 1260 4673 restituerimus,
1296 4610 1432 4655 annum
1469 4586 1541 4654 835
1570 4584 1657 4655 Abr.
1691 4583 1749 4653 cui
1789 4580 1925 4652 Troiae
1965 4554 2160 4652 excidium

261 4708 491 4805 assignatum
529 4720 605 4797 cst,
644 4733 769 4803 parem
807 4708 1030 4782 habebimus
1064 4736 1162 4782 anno
1199 4712 1298 4784 1184
1326 4738 1354 4785 a.
1380 4712 1432 4799 0,
1467 4726 1504 4783 et
1545 4712 1617 4783 iam
1651 4711 1912 4807 intellegemus
1947 4706 2159 4781 Eusebium

261 4863 361 4909 rnrno
390 4836 594 4909 Abrahami
624 4862 645 4907 a
672 4836 731 4907 die
760 4838 792 4907 1.
821 4836 983 4911 larluarii
1010 4839 1211 4936 incipiente
1247 4842 1279 4912 ei
1314 4867 1412 4913 anno
1442 4840 1662 4937 Olympiaco
1692 4839 1845 4912 euiusa
1878 4837 2051 4934 sequenti
2085 4837 2163 4943 spl-

267 4966 368 5037 stitio
393 4966 536 5037 initium
567 4983 633 5057 cst,
668 4980 826 5062 aetprato
861 4964 1175 5040 Eratosthenenrn
1210 4980 1357 5065 tempus
1388 4970 1549 5041 fideliter
1578 4968 1817 5066 expressisse.
1877 4963 1920 5054 ld
1953 4964 2057 5062 quod
2095 4966 2163 5039 ali·

262 5093 362 5165 unde
394 5119 540 5190 qnoque
569 5095 807 5191 comprobari
834 5108 965 5192 potest.
1019 5078 1204 5169 Eusebius
1232 5098 1330 5169 enim
1360 5124 1443 5170 cnm
1473 5123 1589 5194 nsque
1625 5097 1672 5169 ad
1709 5118 1847 5168 annum
1882 5118 1955 5193 quo
1992 5092 2162 5169 loannes

265 5220 450 5318 baptistes
478 5225 513 5295 in
543 5223 707 5296 medium
736 5227 931 5320 processit,
961 5227 1059 5300 2044
1087 5227 1173 5300 Ahr.
1201 5227 1280 5298 sive
1310 5229 1358 5299 28
1386 5253 1417 5323 p.
1438 5225 1474 5299 C.
1503 5227 1549 5297 ab
1578 5224 1723 5298 Adamo
1751 5224 2006 5297 numeraverit
2034 5249 2163 5299 annos

260 5352 372 5443 5228,
400 5350 534 5425 l'bristi
564 5380 701 5426 annum
731 5355 893 5425 natalem
924 5382 1032 5453 quem
1063 5382 1144 5428 cnm
1166 5381 1265 5427 anno
1287 5356 1386 5428 2015
1407 5356 1492 5427 Abr.
1522 5355 1599 5428 sive
1629 5380 1711 5427 cum
1741 5379 1774 5426 a.
1803 5354 1823 5423 2
1853 5364 2163 5427 antecursorum
