<?xml version="1.0" encoding="UTF-8"?>
<!DOCTYPE html PUBLIC "-//W3C//DTD XHTML 1.0 Transitional//EN"
    "http://www.w3.org/TR/xhtml1/DTD/xhtml1-transitional.dtd">
<html xmlns="http://www.w3.org/1999/xhtml" xml:lang="en" lang="en">
 <head>
  <title>
</title>
<meta http-equiv="Content-Type" content="text/html;charset=utf-8" />
  <meta name='ocr-system' content='tesseract 3.04.00' />
  <meta name='ocr-capabilities' content='ocr_page ocr_carea ocr_par ocr_line ocrx_word'/>
</head>
<body>
  <div class='ocr_page' id='page_1' title='image "./detemporumnotis00gutsgoog_0022.png"; bbox 0 0 4860 5970; ppageno 0'>
   <div class='ocr_carea' id='block_1_1' title="bbox 1221 274 1260 335">
    <p class='ocr_par' dir='ltr' id='par_1_1' title="bbox 1221 274 1260 335">
     <span class='ocr_line' id='line_1_1' title="bbox 1221 274 1260 335; baseline 0.026 -1"><span class='ocrx_word' id='word_1_1' title='bbox 1221 274 1260 335; x_wconf 77' lang='lat' dir='ltr'>la</span> 
     </span>
    </p>
   </div>
   <div class='ocr_carea' id='block_1_2' title="bbox 282 478 2188 835">
    <p class='ocr_par' dir='ltr' id='par_1_2' title="bbox 282 478 2188 835">
     <span class='ocr_line' id='line_1_2' title="bbox 282 478 2188 570; baseline -0.003 -13"><span class='ocrx_word' id='word_1_2' title='bbox 282 486 354 557; x_wconf 89' lang='lat' dir='ltr'>hac</span> <span class='ocrx_word' id='word_1_3' title='bbox 383 481 648 557; x_wconf 77' lang='lat' dir='ltr'>emendatione</span> <span class='ocrx_word' id='word_1_4' title='bbox 685 493 728 554; x_wconf 90' lang='lat' dir='ltr'>ut</span> <span class='ocrx_word' id='word_1_5' title='bbox 767 480 871 553; x_wconf 88' lang='lat' dir='ltr'>salva</span> <span class='ocrx_word' id='word_1_6' title='bbox 909 504 971 553; x_wconf 88' lang='lat' dir='ltr'>res</span> <span class='ocrx_word' id='word_1_7' title='bbox 1004 478 1068 569; x_wconf 90' lang='lat' dir='ltr'>sit,</span> <span class='ocrx_word' id='word_1_8' title='bbox 1106 490 1251 551; x_wconf 88' lang='lat' dir='ltr'>tantum</span> <span class='ocrx_word' id='word_1_9' title='bbox 1287 479 1412 570; x_wconf 88' lang='lat' dir='ltr'>abest,</span> <span class='ocrx_word' id='word_1_10' title='bbox 1445 494 1487 552; x_wconf 94' lang='lat' dir='ltr'>ut</span> <span class='ocrx_word' id='word_1_11' title='bbox 1517 504 1620 553; x_wconf 92' lang='lat' dir='ltr'>novo</span> <span class='ocrx_word' id='word_1_12' title='bbox 1656 492 1694 553; x_wconf 91' lang='lat' dir='ltr'>et</span> <span class='ocrx_word' id='word_1_13' title='bbox 1724 479 2043 552; x_wconf 87' lang='lat' dir='ltr'>inextricabiliore</span> <span class='ocrx_word' id='word_1_14' title='bbox 2077 481 2188 553; x_wconf 91' lang='lat' dir='ltr'>etiam</span> 
     </span>
     <span class='ocr_line' id='line_1_3' title="bbox 282 606 2188 707; baseline -0.002 -23"><span class='ocrx_word' id='word_1_15' title='bbox 282 610 441 699; x_wconf 32' lang='lat' dir='ltr'>mendo·</span> <span class='ocrx_word' id='word_1_16' title='bbox 461 624 565 683; x_wconf 89' lang='lat' dir='ltr'>recto</span> <span class='ocrx_word' id='word_1_17' title='bbox 604 624 816 707; x_wconf 86' lang='lat' dir='ltr'>temporum</span> <span class='ocrx_word' id='word_1_18' title='bbox 852 607 983 681; x_wconf 86' lang='lat' dir='ltr'>ordine</span> <span class='ocrx_word' id='word_1_19' title='bbox 1017 606 1227 679; x_wconf 89' lang='lat' dir='ltr'>deserendo</span> <span class='ocrx_word' id='word_1_20' title='bbox 1270 632 1342 680; x_wconf 86' lang='lat' dir='ltr'>nos</span> <span class='ocrx_word' id='word_1_21' title='bbox 1379 608 1568 682; x_wconf 88' lang='lat' dir='ltr'>involvat:</span> <span class='ocrx_word' id='word_1_22' title='bbox 1609 606 1871 681; x_wconf 85' lang='lat' dir='ltr'>Constantium</span> <span class='ocrx_word' id='word_1_23' title='bbox 1908 608 2006 680; x_wconf 88' lang='lat' dir='ltr'>enim</span> <span class='ocrx_word' id='word_1_24' title='bbox 2042 608 2188 705; x_wconf 80' lang='lat' dir='ltr'>integro</span> 
     </span>
     <span class='ocr_line' id='line_1_4' title="bbox 284 734 2187 835; baseline -0.001 -24"><span class='ocrx_word' id='word_1_25' title='bbox 284 765 386 812; x_wconf 88' lang='lat' dir='ltr'>anno</span> <span class='ocrx_word' id='word_1_26' title='bbox 440 740 600 835; x_wconf 89' lang='lat' dir='ltr'>amplius</span> <span class='ocrx_word' id='word_1_27' title='bbox 660 740 865 835; x_wconf 82' lang='lat' dir='ltr'>imperasse</span> <span class='ocrx_word' id='word_1_28' title='bbox 923 737 1019 809; x_wconf 91' lang='lat' dir='ltr'>inter</span> <span class='ocrx_word' id='word_1_29' title='bbox 1077 759 1209 808; x_wconf 92' lang='lat' dir='ltr'>omnes</span> <span class='ocrx_word' id='word_1_30' title='bbox 1258 750 1417 809; x_wconf 89' lang='lat' dir='ltr'>constat.</span> <span class='ocrx_word' id='word_1_31' title='bbox 1492 734 1536 808; x_wconf 94' lang='lat' dir='ltr'>ld</span> <span class='ocrx_word' id='word_1_32' title='bbox 1590 761 1682 809; x_wconf 90' lang='lat' dir='ltr'>vero</span> <span class='ocrx_word' id='word_1_33' title='bbox 1730 736 1935 809; x_wconf 83' lang='lat' dir='ltr'>nescivisse</span> <span class='ocrx_word' id='word_1_34' title='bbox 1982 734 2187 809; x_wconf 84' lang='lat' dir='ltr'>Eusebium</span> 
     </span>
    </p>
   </div>
   <div class='ocr_carea' id='block_1_3' title="bbox 274 863 2204 4949">
    <p class='ocr_par' dir='ltr' id='par_1_3' title="bbox 277 863 2190 3123">
     <span class='ocr_line' id='line_1_5' title="bbox 286 863 2188 965; baseline 0 -26"><span class='ocrx_word' id='word_1_35' title='bbox 286 882 410 941; x_wconf 89' lang='lat' dir='ltr'>aetate</span> <span class='ocrx_word' id='word_1_36' title='bbox 436 867 668 965; x_wconf 81' lang='lat' dir='ltr'>proximum!</span> <span class='ocrx_word' id='word_1_37' title='bbox 722 865 877 963; x_wconf 90' lang='lat' dir='ltr'>Optimo</span> <span class='ocrx_word' id='word_1_38' title='bbox 905 864 1071 938; x_wconf 88' lang='grc'>1101010</span> <span class='ocrx_word' id='word_1_39' title='bbox 1100 863 1356 964; x_wconf 86' lang='lat' dir='ltr'>Hieronymus</span> <span class='ocrx_word' id='word_1_40' title='bbox 1393 889 1533 937; x_wconf 91' lang='lat' dir='ltr'>annum</span> <span class='ocrx_word' id='word_1_41' title='bbox 1560 864 1804 960; x_wconf 82' lang='lat' dir='ltr'>interposuit,</span> <span class='ocrx_word' id='word_1_42' title='bbox 1838 877 1879 938; x_wconf 93' lang='lat' dir='ltr'>ut</span> <span class='ocrx_word' id='word_1_43' title='bbox 1915 865 2034 962; x_wconf 91' lang='lat' dir='ltr'>prima</span> <span class='ocrx_word' id='word_1_44' title='bbox 2064 866 2188 962; x_wconf 91' lang='lat' dir='ltr'>speeie</span> 
     </span>
     <span class='ocr_line' id='line_1_6' title="bbox 282 991 2189 1091; baseline -0.001 -25"><span class='ocrx_word' id='word_1_45' title='bbox 282 996 404 1091; x_wconf 81' lang='lat' dir='ltr'>possit</span> <span class='ocrx_word' id='word_1_46' title='bbox 429 1020 520 1068; x_wconf 88' lang='lat' dir='ltr'>sane</span> <span class='ocrx_word' id='word_1_47' title='bbox 556 995 703 1068; x_wconf 89' lang='lat' dir='ltr'>animus</span> <span class='ocrx_word' id='word_1_48' title='bbox 734 994 919 1068; x_wconf 89' lang='lat' dir='ltr'>inclinare</span> <span class='ocrx_word' id='word_1_49' title='bbox 949 991 996 1065; x_wconf 90' lang='lat' dir='ltr'>ad</span> <span class='ocrx_word' id='word_1_50' title='bbox 1033 992 1207 1066; x_wconf 88' lang='lat' dir='ltr'>Latinum</span> <span class='ocrx_word' id='word_1_51' title='bbox 1242 993 1460 1090; x_wconf 88' lang='lat' dir='ltr'>exemplum</span> <span class='ocrx_word' id='word_1_52' title='bbox 1498 1006 1576 1065; x_wconf 91' lang='lat' dir='ltr'>tam</span> <span class='ocrx_word' id='word_1_53' title='bbox 1608 993 1669 1066; x_wconf 88' lang='lat' dir='ltr'>hie</span> <span class='ocrx_word' id='word_1_54' title='bbox 1698 1018 1809 1091; x_wconf 92' lang='lat' dir='ltr'>quam</span> <span class='ocrx_word' id='word_1_55' title='bbox 1849 994 1887 1065; x_wconf 93' lang='lat' dir='ltr'>in</span> <span class='ocrx_word' id='word_1_56' title='bbox 1928 994 2038 1066; x_wconf 89' lang='lat' dir='ltr'>simili</span> <span class='ocrx_word' id='word_1_57' title='bbox 2074 1019 2189 1067; x_wconf 90' lang='lat' dir='ltr'>causa</span> 
     </span>
     <span class='ocr_line' id='line_1_7' title="bbox 283 1082 2190 1219; baseline 0.001 -24"><span class='ocrx_word' id='word_1_58' title='bbox 283 1124 532 1198; x_wconf 87' lang='lat' dir='ltr'>Armeniacae</span> <span class='ocrx_word' id='word_1_59' title='bbox 559 1123 797 1197; x_wconf 90' lang='lat' dir='ltr'>translationi</span> <span class='ocrx_word' id='word_1_60' title='bbox 823 1082 1123 1219; x_wconf 72' lang='lat' dir='ltr'>pdaelerendum.</span> <span class='ocrx_word' id='word_1_61' title='bbox 1176 1119 1350 1195; x_wconf 83' lang='lat' dir='ltr'>Exclusit</span> <span class='ocrx_word' id='word_1_62' title='bbox 1377 1122 1493 1194; x_wconf 90' lang='lat' dir='ltr'>etiam</span> <span class='ocrx_word' id='word_1_63' title='bbox 1526 1147 1566 1194; x_wconf 92' lang='lat' dir='ltr'>re</span> <span class='ocrx_word' id='word_1_64' title='bbox 1601 1146 1694 1195; x_wconf 89' lang='lat' dir='ltr'>vera</span> <span class='ocrx_word' id='word_1_65' title='bbox 1719 1121 1974 1219; x_wconf 87' lang='lat' dir='ltr'>Hieronymus</span> <span class='ocrx_word' id='word_1_66' title='bbox 2001 1147 2049 1193; x_wconf 89' lang='lat' dir='ltr'>ex</span> <span class='ocrx_word' id='word_1_67' title='bbox 2083 1123 2190 1197; x_wconf 87' lang='lat' dir='ltr'>annis</span> 
     </span>
     <span class='ocr_line' id='line_1_8' title="bbox 282 1247 2188 1348; baseline 0.001 -25"><span class='ocrx_word' id='word_1_68' title='bbox 282 1252 356 1325; x_wconf 92' lang='lat' dir='ltr'>illis</span> <span class='ocrx_word' id='word_1_69' title='bbox 383 1279 405 1324; x_wconf 90' lang='lat' dir='ltr'>a</span> <span class='ocrx_word' id='word_1_70' title='bbox 430 1264 645 1348; x_wconf 91' lang='lat' dir='ltr'>temporum</span> <span class='ocrx_word' id='word_1_71' title='bbox 671 1252 817 1324; x_wconf 90' lang='lat' dir='ltr'>ratione</span> <span class='ocrx_word' id='word_1_72' title='bbox 844 1251 975 1323; x_wconf 89' lang='lat' dir='ltr'>alienis</span> <span class='ocrx_word' id='word_1_73' title='bbox 1002 1274 1119 1323; x_wconf 91' lang='lat' dir='ltr'>unum</span> <span class='ocrx_word' id='word_1_74' title='bbox 1147 1250 1210 1347; x_wconf 90' lang='lat' dir='ltr'>qui</span> <span class='ocrx_word' id='word_1_75' title='bbox 1240 1248 1431 1324; x_wconf 81' lang='lat' dir='ltr'>Pertinaci</span> <span class='ocrx_word' id='word_1_76' title='bbox 1458 1247 1669 1346; x_wconf 89' lang='lat' dir='ltr'>adscriptus</span> <span class='ocrx_word' id='word_1_77' title='bbox 1698 1266 1788 1340; x_wconf 88' lang='lat' dir='ltr'>erat,</span> <span class='ocrx_word' id='word_1_78' title='bbox 1816 1265 1855 1322; x_wconf 91' lang='lat' dir='ltr'>ut</span> <span class='ocrx_word' id='word_1_79' title='bbox 1884 1250 1958 1321; x_wconf 91' lang='lat' dir='ltr'>iam</span> <span class='ocrx_word' id='word_1_80' title='bbox 1986 1276 2062 1323; x_wconf 89' lang='lat' dir='ltr'>non</span> <span class='ocrx_word' id='word_1_81' title='bbox 2090 1251 2188 1324; x_wconf 90' lang='lat' dir='ltr'>binis</span> 
     </span>
     <span class='ocr_line' id='line_1_9' title="bbox 283 1377 2186 1481; baseline -0.001 -28"><span class='ocrx_word' id='word_1_82' title='bbox 283 1383 406 1470; x_wconf 87' lang='lat' dir='ltr'>annis,</span> <span class='ocrx_word' id='word_1_83' title='bbox 435 1379 753 1479; x_wconf 81' lang='lat' dir='ltr'>quemadmodum</span> <span class='ocrx_word' id='word_1_84' title='bbox 775 1381 1040 1481; x_wconf 80' lang='lat' dir='ltr'>Armeniacum</span> <span class='ocrx_word' id='word_1_85' title='bbox 1068 1377 1222 1451; x_wconf 86' lang='lat' dir='ltr'>Eusebii</span> <span class='ocrx_word' id='word_1_86' title='bbox 1249 1379 1465 1475; x_wconf 88' lang='lat' dir='ltr'>exemplar,</span> <span class='ocrx_word' id='word_1_87' title='bbox 1500 1378 1568 1451; x_wconf 91' lang='lat' dir='ltr'>sed</span> <span class='ocrx_word' id='word_1_88' title='bbox 1596 1380 1754 1475; x_wconf 82' lang='lat' dir='ltr'>singulis</span> <span class='ocrx_word' id='word_1_89' title='bbox 1789 1404 1811 1450; x_wconf 97' lang='lat' dir='ltr'>a</span> <span class='ocrx_word' id='word_1_90' title='bbox 1842 1380 2007 1475; x_wconf 86' lang='lat' dir='ltr'>genuino</span> <span class='ocrx_word' id='word_1_91' title='bbox 2042 1379 2186 1451; x_wconf 82' lang='lat' dir='ltr'>calculo</span> 
     </span>
     <span class='ocr_line' id='line_1_10' title="bbox 283 1505 2186 1607; baseline -0.001 -26"><span class='ocrx_word' id='word_1_92' title='bbox 283 1508 473 1583; x_wconf 91' lang='lat' dir='ltr'>dissideat.</span> <span class='ocrx_word' id='word_1_93' title='bbox 526 1508 600 1582; x_wconf 90' lang='lat' dir='ltr'>Sed</span> <span class='ocrx_word' id='word_1_94' title='bbox 629 1521 667 1582; x_wconf 88' lang='lat' dir='ltr'>et</span> <span class='ocrx_word' id='word_1_95' title='bbox 692 1510 873 1606; x_wconf 89' lang='lat' dir='ltr'>septimos</span> <span class='ocrx_word' id='word_1_96' title='bbox 900 1532 1067 1607; x_wconf 89' lang='lat' dir='ltr'>quosque</span> <span class='ocrx_word' id='word_1_97' title='bbox 1105 1532 1226 1580; x_wconf 90' lang='lat' dir='ltr'>annos</span> <span class='ocrx_word' id='word_1_98' title='bbox 1258 1509 1296 1579; x_wconf 92' lang='lat' dir='ltr'>in</span> <span class='ocrx_word' id='word_1_99' title='bbox 1330 1505 1525 1580; x_wconf 84' lang='lat' dir='ltr'>Caracalla</span> <span class='ocrx_word' id='word_1_100' title='bbox 1561 1521 1599 1580; x_wconf 91' lang='lat' dir='ltr'>et</span> <span class='ocrx_word' id='word_1_101' title='bbox 1624 1505 1799 1605; x_wconf 88' lang='lat' dir='ltr'>Philippo</span> <span class='ocrx_word' id='word_1_102' title='bbox 1838 1506 2094 1580; x_wconf 81' lang='lat' dir='ltr'>redundantes</span> <span class='ocrx_word' id='word_1_103' title='bbox 2135 1509 2186 1580; x_wconf 91' lang='lat' dir='ltr'>in·</span> 
     </span>
     <span class='ocr_line' id='line_1_11' title="bbox 284 1633 2186 1735; baseline -0.001 -25"><span class='ocrx_word' id='word_1_104' title='bbox 284 1650 408 1711; x_wconf 90' lang='lat' dir='ltr'>tactos</span> <span class='ocrx_word' id='word_1_105' title='bbox 428 1638 589 1733; x_wconf 85' lang='lat' dir='ltr'>reliquit,</span> <span class='ocrx_word' id='word_1_106' title='bbox 617 1652 655 1709; x_wconf 91' lang='grc'>01</span> <span class='ocrx_word' id='word_1_107' title='bbox 673 1662 811 1710; x_wconf 90' lang='lat' dir='ltr'>annum</span> <span class='ocrx_word' id='word_1_108' title='bbox 832 1663 943 1735; x_wconf 85' lang='lat' dir='ltr'>quem</span> <span class='ocrx_word' id='word_1_109' title='bbox 971 1637 1019 1709; x_wconf 92' lang='lat' dir='ltr'>ad</span> <span class='ocrx_word' id='word_1_110' title='bbox 1046 1633 1304 1710; x_wconf 90' lang='lat' dir='ltr'>deliniendum</span> <span class='ocrx_word' id='word_1_111' title='bbox 1323 1634 1536 1709; x_wconf 84' lang='lat' dir='ltr'>Constantii</span> <span class='ocrx_word' id='word_1_112' title='bbox 1561 1636 1759 1732; x_wconf 88' lang='lat' dir='ltr'>imperium</span> <span class='ocrx_word' id='word_1_113' title='bbox 1779 1637 2048 1709; x_wconf 88' lang='lat' dir='ltr'>convenienter</span> <span class='ocrx_word' id='word_1_114' title='bbox 2075 1638 2186 1710; x_wconf 83' lang='lat' dir='ltr'>inter·</span> 
     </span>
     <span class='ocr_line' id='line_1_12' title="bbox 281 1762 2185 1863; baseline -0.001 -24"><span class='ocrx_word' id='word_1_115' title='bbox 281 1778 453 1863; x_wconf 88' lang='lat' dir='ltr'>poneret,</span> <span class='ocrx_word' id='word_1_116' title='bbox 480 1791 526 1839; x_wconf 90' lang='lat' dir='ltr'>eo</span> <span class='ocrx_word' id='word_1_117' title='bbox 553 1767 719 1840; x_wconf 90' lang='lat' dir='ltr'>lucratus</span> <span class='ocrx_word' id='word_1_118' title='bbox 746 1780 814 1860; x_wconf 88' lang='lat' dir='ltr'>est,</span> <span class='ocrx_word' id='word_1_119' title='bbox 842 1765 944 1863; x_wconf 91' lang='lat' dir='ltr'>quod</span> <span class='ocrx_word' id='word_1_120' title='bbox 972 1766 1060 1838; x_wconf 91' lang='lat' dir='ltr'>alibi</span> <span class='ocrx_word' id='word_1_121' title='bbox 1091 1763 1255 1838; x_wconf 89' lang='lat' dir='ltr'>eundem</span> <span class='ocrx_word' id='word_1_122' title='bbox 1280 1764 1479 1855; x_wconf 79' lang='lat' dir='ltr'>subtraxit,</span> <span class='ocrx_word' id='word_1_123' title='bbox 1506 1763 1544 1835; x_wconf 92' lang='lat' dir='ltr'>id</span> <span class='ocrx_word' id='word_1_124' title='bbox 1572 1778 1630 1837; x_wconf 90' lang='lat' dir='ltr'>est</span> <span class='ocrx_word' id='word_1_125' title='bbox 1663 1765 1701 1837; x_wconf 92' lang='lat' dir='ltr'>in</span> <span class='ocrx_word' id='word_1_126' title='bbox 1735 1762 1849 1837; x_wconf 89' lang='lat' dir='ltr'>Probi</span> <span class='ocrx_word' id='word_1_127' title='bbox 1881 1766 2038 1861; x_wconf 88' lang='lat' dir='ltr'>imperio</span> <span class='ocrx_word' id='word_1_128' title='bbox 2071 1790 2185 1837; x_wconf 90' lang='lat' dir='ltr'>anno·</span> 
     </span>
     <span class='ocr_line' id='line_1_13' title="bbox 282 1880 2186 1991; baseline -0.001 -26"><span class='ocrx_word' id='word_1_129' title='bbox 282 1918 366 1967; x_wconf 94' lang='lat' dir='ltr'>rum</span> <span class='ocrx_word' id='word_1_130' title='bbox 394 1892 445 1965; x_wconf 91' lang='lat' dir='ltr'>Vl</span> <span class='ocrx_word' id='word_1_131' title='bbox 470 1895 656 1967; x_wconf 91' lang='lat' dir='ltr'>mensium</span> <span class='ocrx_word' id='word_1_132' title='bbox 683 1880 737 1967; x_wconf 95' lang='lat' dir='ltr'>llll</span> <span class='ocrx_word' id='word_1_133' title='bbox 765 1893 865 1991; x_wconf 93' lang='lat' dir='ltr'>quod</span> <span class='ocrx_word' id='word_1_134' title='bbox 894 1892 1058 1968; x_wconf 75' lang='lat' dir='ltr'>(lenonis</span> <span class='ocrx_word' id='word_1_135' title='bbox 1079 1892 1289 1966; x_wconf 86' lang='lat' dir='ltr'>rationibus</span> <span class='ocrx_word' id='word_1_136' title='bbox 1315 1893 1367 1966; x_wconf 90' lang='lat' dir='ltr'>ita</span> <span class='ocrx_word' id='word_1_137' title='bbox 1393 1892 1720 1966; x_wconf 89' lang='lat' dir='ltr'>accommodatum</span> <span class='ocrx_word' id='word_1_138' title='bbox 1750 1904 1817 1984; x_wconf 92' lang='lat' dir='ltr'>est,</span> <span class='ocrx_word' id='word_1_139' title='bbox 1854 1905 1896 1966; x_wconf 92' lang='lat' dir='ltr'>ut</span> <span class='ocrx_word' id='word_1_140' title='bbox 1923 1918 2106 1965; x_wconf 91' lang='lat' dir='ltr'>annorum</span> <span class='ocrx_word' id='word_1_141' title='bbox 2139 1894 2186 1965; x_wconf 90' lang='lat' dir='ltr'>sit</span> 
     </span>
     <span class='ocr_line' id='line_1_14' title="bbox 280 2018 2186 2119; baseline 0.001 -26"><span class='ocrx_word' id='word_1_142' title='bbox 280 2047 351 2094; x_wconf 88' lang='lat' dir='ltr'>sex</span> <span class='ocrx_word' id='word_1_143' title='bbox 377 2047 446 2118; x_wconf 92' lang='lat' dir='ltr'>pro</span> <span class='ocrx_word' id='word_1_144' title='bbox 475 2036 620 2119; x_wconf 88' lang='lat' dir='ltr'>septem</span> <span class='ocrx_word' id='word_1_145' title='bbox 640 2023 687 2095; x_wconf 90' lang='lat' dir='ltr'>ab</span> <span class='ocrx_word' id='word_1_146' title='bbox 706 2023 888 2095; x_wconf 87' lang='lat' dir='ltr'>Armenio</span> <span class='ocrx_word' id='word_1_147' title='bbox 906 2019 1034 2095; x_wconf 91' lang='lat' dir='ltr'>Probo</span> <span class='ocrx_word' id='word_1_148' title='bbox 1052 2021 1222 2097; x_wconf 75' lang='lat' dir='ltr'>tributisz</span> <span class='ocrx_word' id='word_1_149' title='bbox 1248 2020 1287 2093; x_wconf 93' lang='lat' dir='ltr'>id</span> <span class='ocrx_word' id='word_1_150' title='bbox 1305 2046 1397 2094; x_wconf 88' lang='lat' dir='ltr'>vero</span> <span class='ocrx_word' id='word_1_151' title='bbox 1418 2046 1536 2117; x_wconf 90' lang='lat' dir='ltr'>aeque</span> <span class='ocrx_word' id='word_1_152' title='bbox 1555 2021 1603 2093; x_wconf 91' lang='lat' dir='ltr'>ab</span> <span class='ocrx_word' id='word_1_153' title='bbox 1622 2019 1774 2094; x_wconf 86' lang='lat' dir='ltr'>Eusebii</span> <span class='ocrx_word' id='word_1_154' title='bbox 1801 2018 1927 2093; x_wconf 87' lang='lat' dir='ltr'>mente</span> <span class='ocrx_word' id='word_1_155' title='bbox 1947 2021 2108 2093; x_wconf 89' lang='lat' dir='ltr'>alienum</span> <span class='ocrx_word' id='word_1_156' title='bbox 2129 2035 2186 2095; x_wconf 89' lang='lat' dir='ltr'>est</span> 
     </span>
     <span class='ocr_line' id='line_1_15' title="bbox 277 2149 2184 2248; baseline -0.004 -19"><span class='ocrx_word' id='word_1_157' title='bbox 277 2158 317 2229; x_wconf 91' lang='lat' dir='ltr'>in</span> <span class='ocrx_word' id='word_1_158' title='bbox 367 2152 473 2245; x_wconf 75' lang='lat' dir='ltr'>cuius</span> <span class='ocrx_word' id='word_1_159' title='bbox 498 2152 728 2224; x_wconf 84' lang='lat' dir='ltr'>accuratiore</span> <span class='ocrx_word' id='word_1_160' title='bbox 756 2153 1023 2248; x_wconf 89' lang='lat' dir='ltr'>imperatorum</span> <span class='ocrx_word' id='word_1_161' title='bbox 1051 2151 1232 2223; x_wconf 89' lang='lat' dir='ltr'>laterculo</span> <span class='ocrx_word' id='word_1_162' title='bbox 1266 2172 1414 2223; x_wconf 90' lang='lat' dir='ltr'>summa</span> <span class='ocrx_word' id='word_1_163' title='bbox 1441 2174 1626 2221; x_wconf 91' lang='lat' dir='ltr'>annorum</span> <span class='ocrx_word' id='word_1_164' title='bbox 1660 2162 1697 2221; x_wconf 90' lang='lat' dir='ltr'>et</span> <span class='ocrx_word' id='word_1_165' title='bbox 1730 2152 1915 2222; x_wconf 91' lang='lat' dir='ltr'>mensium</span> <span class='ocrx_word' id='word_1_166' title='bbox 1944 2175 1966 2221; x_wconf 89' lang='grc'>0</span> <span class='ocrx_word' id='word_1_167' title='bbox 1993 2149 2109 2222; x_wconf 88' lang='lat' dir='ltr'>Decio</span> <span class='ocrx_word' id='word_1_168' title='bbox 2138 2150 2184 2222; x_wconf 92' lang='lat' dir='ltr'>ad</span> 
     </span>
     <span class='ocr_line' id='line_1_16' title="bbox 289 2275 2185 2378; baseline 0 -29"><span class='ocrx_word' id='word_1_169' title='bbox 289 2275 458 2351; x_wconf 90' lang='lat' dir='ltr'>Probum</span> <span class='ocrx_word' id='word_1_170' title='bbox 492 2305 725 2377; x_wconf 89' lang='lat' dir='ltr'>consurgens</span> <span class='ocrx_word' id='word_1_171' title='bbox 758 2281 861 2378; x_wconf 91' lang='lat' dir='ltr'>ipsos</span> <span class='ocrx_word' id='word_1_172' title='bbox 894 2281 979 2353; x_wconf 87' lang='lat' dir='ltr'>illos</span> <span class='ocrx_word' id='word_1_173' title='bbox 1012 2292 1103 2377; x_wconf 91' lang='grc'>0001</span> <span class='ocrx_word' id='word_1_174' title='bbox 1136 2278 1384 2351; x_wconf 88' lang='lat' dir='ltr'>Armeniacus</span> <span class='ocrx_word' id='word_1_175' title='bbox 1419 2276 1551 2350; x_wconf 86' lang='lat' dir='ltr'>Canon</span> <span class='ocrx_word' id='word_1_176' title='bbox 1593 2279 1828 2374; x_wconf 86' lang='lat' dir='ltr'>supputavit,</span> <span class='ocrx_word' id='word_1_177' title='bbox 1869 2304 1989 2351; x_wconf 89' lang='lat' dir='ltr'>annos</span> <span class='ocrx_word' id='word_1_178' title='bbox 2027 2276 2185 2369; x_wconf 88' lang='lat' dir='ltr'>XXXlll,</span> 
     </span>
     <span class='ocr_line' id='line_1_17' title="bbox 286 2405 2186 2507; baseline 0.001 -30"><span class='ocrx_word' id='word_1_179' title='bbox 286 2432 363 2479; x_wconf 90' lang='lat' dir='ltr'>non</span> <span class='ocrx_word' id='word_1_180' title='bbox 390 2405 538 2499; x_wconf 93' lang='lat' dir='ltr'>XXXll,</span> <span class='ocrx_word' id='word_1_181' title='bbox 564 2423 606 2482; x_wconf 91' lang='lat' dir='ltr'>ut</span> <span class='ocrx_word' id='word_1_182' title='bbox 632 2409 732 2507; x_wconf 91' lang='lat' dir='ltr'>apud</span> <span class='ocrx_word' id='word_1_183' title='bbox 759 2408 1032 2507; x_wconf 90' lang='lat' dir='ltr'>Hieronymum</span> <span class='ocrx_word' id='word_1_184' title='bbox 1060 2423 1128 2498; x_wconf 91' lang='lat' dir='ltr'>est,</span> <span class='ocrx_word' id='word_1_185' title='bbox 1153 2406 1200 2479; x_wconf 86' lang='lat' dir='ltr'>ad</span> <span class='ocrx_word' id='word_1_186' title='bbox 1228 2407 1407 2480; x_wconf 87' lang='lat' dir='ltr'>amussim</span> <span class='ocrx_word' id='word_1_187' title='bbox 1428 2406 1589 2503; x_wconf 86' lang='lat' dir='ltr'>expleat,</span> <span class='ocrx_word' id='word_1_188' title='bbox 1617 2420 1727 2503; x_wconf 86' lang='grc'>01000</span> <span class='ocrx_word' id='word_1_189' title='bbox 1756 2432 1839 2477; x_wconf 90' lang='lat' dir='ltr'>cum</span> <span class='ocrx_word' id='word_1_190' title='bbox 1860 2405 2017 2478; x_wconf 90' lang='lat' dir='ltr'>historia</span> <span class='ocrx_word' id='word_1_191' title='bbox 2044 2420 2186 2503; x_wconf 72' lang='lat' dir='ltr'>pugnat</span> 
     </span>
     <span class='ocr_line' id='line_1_18' title="bbox 278 2532 2183 2633; baseline 0 -26"><span class='ocrx_word' id='word_1_192' title='bbox 278 2560 375 2629; x_wconf 89' lang='grc'>0000</span> <span class='ocrx_word' id='word_1_193' title='bbox 403 2548 440 2608; x_wconf 90' lang='grc'>01</span> <span class='ocrx_word' id='word_1_194' title='bbox 469 2535 528 2608; x_wconf 87' lang='grc'>110</span> <span class='ocrx_word' id='word_1_195' title='bbox 557 2537 738 2610; x_wconf 90' lang='lat' dir='ltr'>Armenio</span> <span class='ocrx_word' id='word_1_196' title='bbox 766 2538 992 2633; x_wconf 83' lang='lat' dir='ltr'>suffragatur</span> <span class='ocrx_word' id='word_1_197' title='bbox 1020 2549 1058 2610; x_wconf 90' lang='lat' dir='ltr'>et</span> <span class='ocrx_word' id='word_1_198' title='bbox 1085 2536 1255 2633; x_wconf 90' lang='lat' dir='ltr'>aprime</span> <span class='ocrx_word' id='word_1_199' title='bbox 1283 2532 1399 2609; x_wconf 91' lang='lat' dir='ltr'>Probi</span> <span class='ocrx_word' id='word_1_200' title='bbox 1428 2560 1529 2607; x_wconf 91' lang='lat' dir='ltr'>anno</span> <span class='ocrx_word' id='word_1_201' title='bbox 1557 2533 1605 2606; x_wconf 94' lang='lat' dir='ltr'>ad</span> <span class='ocrx_word' id='word_1_202' title='bbox 1638 2535 1799 2630; x_wconf 92' lang='lat' dir='ltr'>primum</span> <span class='ocrx_word' id='word_1_203' title='bbox 1837 2533 2073 2609; x_wconf 85' lang='lat' dir='ltr'>Constantini</span> <span class='ocrx_word' id='word_1_204' title='bbox 2107 2561 2183 2607; x_wconf 92' lang='lat' dir='ltr'>non</span> 
     </span>
     <span class='ocr_line' id='line_1_19' title="bbox 283 2660 2182 2763; baseline 0.001 -29"><span class='ocrx_word' id='word_1_205' title='bbox 283 2660 460 2754; x_wconf 82' lang='lat' dir='ltr'>XXVllll,</span> <span class='ocrx_word' id='word_1_206' title='bbox 499 2665 566 2737; x_wconf 90' lang='lat' dir='ltr'>sed</span> <span class='ocrx_word' id='word_1_207' title='bbox 592 2663 699 2738; x_wconf 91' lang='lat' dir='ltr'>XXX</span> <span class='ocrx_word' id='word_1_208' title='bbox 726 2692 848 2739; x_wconf 91' lang='lat' dir='ltr'>annos</span> <span class='ocrx_word' id='word_1_209' title='bbox 879 2666 1116 2763; x_wconf 86' lang='lat' dir='ltr'>praeteriisse</span> <span class='ocrx_word' id='word_1_210' title='bbox 1149 2665 1349 2737; x_wconf 85' lang='lat' dir='ltr'>manifesto</span> <span class='ocrx_word' id='word_1_211' title='bbox 1382 2662 1532 2763; x_wconf 52' lang='lat' dir='ltr'>docet..</span> <span class='ocrx_word' id='word_1_212' title='bbox 1565 2661 1789 2761; x_wconf 88' lang='lat' dir='ltr'>Hieronymi</span> <span class='ocrx_word' id='word_1_213' title='bbox 1823 2663 1935 2757; x_wconf 70' lang='lat' dir='ltr'>igitur</span> <span class='ocrx_word' id='word_1_214' title='bbox 1972 2662 2182 2735; x_wconf 82' lang='lat' dir='ltr'>dissensum</span> 
     </span>
     <span class='ocr_line' id='line_1_20' title="bbox 281 2791 2183 2890; baseline 0.003 -33"><span class='ocrx_word' id='word_1_215' title='bbox 281 2818 364 2862; x_wconf 83' lang='grc'>011111</span> <span class='ocrx_word' id='word_1_216' title='bbox 394 2792 494 2881; x_wconf 91' lang='grc'>01111,</span> <span class='ocrx_word' id='word_1_217' title='bbox 520 2806 610 2865; x_wconf 80' lang='lat' dir='ltr'>turn.</span> <span class='ocrx_word' id='word_1_218' title='bbox 628 2793 688 2864; x_wconf 90' lang='lat' dir='ltr'>hic</span> <span class='ocrx_word' id='word_1_219' title='bbox 718 2819 739 2864; x_wconf 91' lang='lat' dir='ltr'>a</span> <span class='ocrx_word' id='word_1_220' title='bbox 765 2795 868 2866; x_wconf 93' lang='lat' dir='ltr'>nulla</span> <span class='ocrx_word' id='word_1_221' title='bbox 895 2795 1030 2865; x_wconf 88' lang='lat' dir='ltr'>aliare</span> <span class='ocrx_word' id='word_1_222' title='bbox 1058 2793 1305 2890; x_wconf 88' lang='lat' dir='ltr'>repetendum</span> <span class='ocrx_word' id='word_1_223' title='bbox 1336 2818 1418 2865; x_wconf 88' lang='lat' dir='ltr'>esse</span> <span class='ocrx_word' id='word_1_224' title='bbox 1446 2791 1676 2888; x_wconf 85' lang='lat' dir='ltr'>intellegitur</span> <span class='ocrx_word' id='word_1_225' title='bbox 1694 2791 1764 2864; x_wconf 92' lang='lat' dir='ltr'>nisi</span> <span class='ocrx_word' id='word_1_226' title='bbox 1793 2815 1816 2862; x_wconf 90' lang='lat' dir='ltr'>a</span> <span class='ocrx_word' id='word_1_227' title='bbox 1842 2791 2066 2863; x_wconf 89' lang='lat' dir='ltr'>coniecturis</span> <span class='ocrx_word' id='word_1_228' title='bbox 2091 2816 2183 2887; x_wconf 88' lang='lat' dir='ltr'>quas</span> 
     </span>
     <span class='ocr_line' id='line_1_21' title="bbox 289 2917 2183 3017; baseline 0.001 -28"><span class='ocrx_word' id='word_1_229' title='bbox 289 2920 336 2990; x_wconf 88' lang='lat' dir='ltr'>ad</span> <span class='ocrx_word' id='word_1_230' title='bbox 384 2920 662 2993; x_wconf 89' lang='lat' dir='ltr'>emendandum</span> <span class='ocrx_word' id='word_1_231' title='bbox 706 2917 890 2994; x_wconf 89' lang='lat' dir='ltr'>Graecum</span> <span class='ocrx_word' id='word_1_232' title='bbox 918 2920 1153 3017; x_wconf 75' lang='lat' dir='ltr'>¹exemplum</span> <span class='ocrx_word' id='word_1_233' title='bbox 1195 2918 1330 2993; x_wconf 89' lang='lat' dir='ltr'>callide</span> <span class='ocrx_word' id='word_1_234' title='bbox 1375 2922 1548 2993; x_wconf 91' lang='lat' dir='ltr'>inventas</span> <span class='ocrx_word' id='word_1_235' title='bbox 1596 2919 1718 2992; x_wconf 91' lang='lat' dir='ltr'>obiter</span> <span class='ocrx_word' id='word_1_236' title='bbox 1761 2945 1804 2991; x_wconf 90' lang='lat' dir='ltr'>ae</span> <span class='ocrx_word' id='word_1_237' title='bbox 1832 2919 2078 3017; x_wconf 76' lang='lat' dir='ltr'>neglegenter</span> <span class='ocrx_word' id='word_1_238' title='bbox 2121 2945 2183 2991; x_wconf 85' lang='lat' dir='ltr'>ex·</span> 
     </span>
     <span class='ocr_line' id='line_1_22' title="bbox 282 3061 527 3123; baseline 0 -4"><span class='ocrx_word' id='word_1_239' title='bbox 282 3061 435 3122; x_wconf 88' lang='lat' dir='ltr'>secutus</span> <span class='ocrx_word' id='word_1_240' title='bbox 459 3062 527 3123; x_wconf 91' lang='lat' dir='ltr'>est.</span> 
     </span>
    </p>

    <p class='ocr_par' dir='ltr' id='par_1_4' title="bbox 274 3176 2204 4949">
     <span class='ocr_line' id='line_1_23' title="bbox 451 3176 2180 3275; baseline 0.001 -26"><span class='ocrx_word' id='word_1_241' title='bbox 451 3177 528 3249; x_wconf 90' lang='lat' dir='ltr'>lam</span> <span class='ocrx_word' id='word_1_242' title='bbox 565 3178 754 3275; x_wconf 90' lang='lat' dir='ltr'>quaeritur</span> <span class='ocrx_word' id='word_1_243' title='bbox 784 3177 872 3274; x_wconf 92' lang='lat' dir='ltr'>quid</span> <span class='ocrx_word' id='word_1_244' title='bbox 913 3176 960 3249; x_wconf 89' lang='lat' dir='ltr'>de</span> <span class='ocrx_word' id='word_1_245' title='bbox 1003 3177 1162 3249; x_wconf 89' lang='lat' dir='ltr'>molesta</span> <span class='ocrx_word' id='word_1_246' title='bbox 1195 3177 1259 3249; x_wconf 90' lang='lat' dir='ltr'>illa</span> <span class='ocrx_word' id='word_1_247' title='bbox 1289 3178 1338 3251; x_wconf 90' lang='lat' dir='ltr'>ab</span> <span class='ocrx_word' id='word_1_248' title='bbox 1373 3176 1582 3250; x_wconf 90' lang='lat' dir='ltr'>emendatis</span> <span class='ocrx_word' id='word_1_249' title='bbox 1616 3178 1826 3250; x_wconf 88' lang='lat' dir='ltr'>rationibus</span> <span class='ocrx_word' id='word_1_250' title='bbox 1864 3178 2100 3251; x_wconf 83' lang='lat' dir='ltr'>aberratione</span> <span class='ocrx_word' id='word_1_251' title='bbox 2143 3179 2180 3251; x_wconf 93' lang='lat' dir='ltr'>in</span> 
     </span>
     <span class='ocr_line' id='line_1_24' title="bbox 276 3304 2181 3403; baseline 0 -25"><span class='ocrx_word' id='word_1_252' title='bbox 276 3309 547 3402; x_wconf 90' lang='lat' dir='ltr'>imperatorum</span> <span class='ocrx_word' id='word_1_253' title='bbox 582 3306 817 3403; x_wconf 89' lang='lat' dir='ltr'>temporibus</span> <span class='ocrx_word' id='word_1_254' title='bbox 845 3306 1117 3379; x_wconf 87' lang='lat' dir='ltr'>constituendis</span> <span class='ocrx_word' id='word_1_255' title='bbox 1147 3306 1380 3380; x_wconf 87' lang='lat' dir='ltr'>censendum</span> <span class='ocrx_word' id='word_1_256' title='bbox 1415 3306 1463 3380; x_wconf 89' lang='lat' dir='ltr'>sit</span> <span class='ocrx_word' id='word_1_257' title='bbox 1499 3329 1611 3403; x_wconf 90' lang='lat' dir='ltr'>quam</span> <span class='ocrx_word' id='word_1_258' title='bbox 1644 3304 1830 3378; x_wconf 87' lang='lat' dir='ltr'>Eusebius</span> <span class='ocrx_word' id='word_1_259' title='bbox 1864 3306 1894 3379; x_wconf 90' lang='lat' dir='ltr'>si</span> <span class='ocrx_word' id='word_1_260' title='bbox 1927 3332 2003 3378; x_wconf 91' lang='lat' dir='ltr'>non</span> <span class='ocrx_word' id='word_1_261' title='bbox 2041 3308 2181 3402; x_wconf 89' lang='lat' dir='ltr'>primus</span> 
     </span>
     <span class='ocr_line' id='line_1_25' title="bbox 279 3433 2180 3531; baseline 0.003 -28"><span class='ocrx_word' id='word_1_262' title='bbox 279 3436 436 3522; x_wconf 89' lang='lat' dir='ltr'>invenit,</span> <span class='ocrx_word' id='word_1_263' title='bbox 464 3449 502 3505; x_wconf 90' lang='grc'>01</span> <span class='ocrx_word' id='word_1_264' title='bbox 528 3436 736 3531; x_wconf 89' lang='lat' dir='ltr'>repetendo</span> <span class='ocrx_word' id='word_1_265' title='bbox 764 3436 1031 3531; x_wconf 84' lang='lat' dir='ltr'>comprobavit.</span> <span class='ocrx_word' id='word_1_266' title='bbox 1087 3434 1210 3509; x_wconf 92' lang='lat' dir='ltr'>Unum</span> <span class='ocrx_word' id='word_1_267' title='bbox 1238 3446 1306 3525; x_wconf 86' lang='lat' dir='ltr'>est,</span> <span class='ocrx_word' id='word_1_268' title='bbox 1333 3436 1407 3509; x_wconf 91' lang='lat' dir='ltr'>nisi</span> <span class='ocrx_word' id='word_1_269' title='bbox 1435 3435 1556 3524; x_wconf 84' lang='lat' dir='ltr'>fallor,</span> <span class='ocrx_word' id='word_1_270' title='bbox 1585 3459 1659 3531; x_wconf 93' lang='lat' dir='ltr'>quo</span> <span class='ocrx_word' id='word_1_271' title='bbox 1678 3433 1819 3506; x_wconf 92' lang='lat' dir='ltr'>nodum</span> <span class='ocrx_word' id='word_1_272' title='bbox 1847 3435 1985 3525; x_wconf 91' lang='lat' dir='ltr'>solvas,</span> <span class='ocrx_word' id='word_1_273' title='bbox 2010 3447 2051 3506; x_wconf 91' lang='lat' dir='ltr'>ut</span> <span class='ocrx_word' id='word_1_274' title='bbox 2077 3435 2180 3508; x_wconf 89' lang='lat' dir='ltr'>dicas</span> 
     </span>
     <span class='ocr_line' id='line_1_26' title="bbox 278 3560 2204 3661; baseline 0.001 -28"><span class='ocrx_word' id='word_1_275' title='bbox 278 3561 443 3635; x_wconf 87' lang='lat' dir='ltr'>subesse</span> <span class='ocrx_word' id='word_1_276' title='bbox 470 3560 530 3635; x_wconf 91' lang='lat' dir='ltr'>hic</span> <span class='ocrx_word' id='word_1_277' title='bbox 557 3562 779 3659; x_wconf 79' lang='lat' dir='ltr'>figmentum</span> <span class='ocrx_word' id='word_1_278' title='bbox 811 3562 858 3635; x_wconf 90' lang='lat' dir='ltr'>ad</span> <span class='ocrx_word' id='word_1_279' title='bbox 890 3565 1007 3636; x_wconf 88' lang='lat' dir='ltr'>fastos</span> <span class='ocrx_word' id='word_1_280' title='bbox 1043 3562 1278 3635; x_wconf 88' lang='lat' dir='ltr'>commodius</span> <span class='ocrx_word' id='word_1_281' title='bbox 1314 3562 1543 3661; x_wconf 85' lang='lat' dir='ltr'>digerendos</span> <span class='ocrx_word' id='word_1_282' title='bbox 1579 3564 1834 3660; x_wconf 81' lang='lat' dir='ltr'>excogitatum</span> <span class='ocrx_word' id='word_1_283' title='bbox 1870 3577 1907 3635; x_wconf 88' lang='lat' dir='ltr'>et</span> <span class='ocrx_word' id='word_1_284' title='bbox 1926 3576 2061 3635; x_wconf 84' lang='lat' dir='ltr'>‘annos</span> <span class='ocrx_word' id='word_1_285' title='bbox 2095 3564 2204 3635; x_wconf 81' lang='lat' dir='ltr'>illos·</span> 
     </span>
     <span class='ocr_line' id='line_1_27' title="bbox 275 3690 2179 3789; baseline 0.002 -30"><span class='ocrx_word' id='word_1_286' title='bbox 275 3690 546 3787; x_wconf 87' lang='lat' dir='ltr'>complementi</span> <span class='ocrx_word' id='word_1_287' title='bbox 565 3693 646 3765; x_wconf 90' lang='lat' dir='ltr'>vice</span> <span class='ocrx_word' id='word_1_288' title='bbox 665 3693 782 3789; x_wconf 83' lang='lat' dir='ltr'>fungi,</span> <span class='ocrx_word' id='word_1_289' title='bbox 809 3718 854 3764; x_wconf 88' lang='lat' dir='ltr'>eo</span> <span class='ocrx_word' id='word_1_290' title='bbox 879 3693 988 3765; x_wconf 92' lang='lat' dir='ltr'>unice</span> <span class='ocrx_word' id='word_1_291' title='bbox 1008 3692 1165 3765; x_wconf 92' lang='lat' dir='ltr'>consilio</span> <span class='ocrx_word' id='word_1_292' title='bbox 1185 3692 1412 3789; x_wconf 87' lang='lat' dir='ltr'>interpolati,</span> <span class='ocrx_word' id='word_1_293' title='bbox 1441 3705 1482 3765; x_wconf 92' lang='lat' dir='ltr'>ut</span> <span class='ocrx_word' id='word_1_294' title='bbox 1508 3692 1556 3765; x_wconf 93' lang='lat' dir='ltr'>ab</span> <span class='ocrx_word' id='word_1_295' title='bbox 1579 3692 1752 3765; x_wconf 89' lang='lat' dir='ltr'>obsoleta</span> <span class='ocrx_word' id='word_1_296' title='bbox 1779 3717 1962 3763; x_wconf 85' lang='lat' dir='ltr'>annorum</span> <span class='ocrx_word' id='word_1_297' title='bbox 1982 3692 2103 3764; x_wconf 85' lang='lat' dir='ltr'>forma</span> <span class='ocrx_word' id='word_1_298' title='bbox 2131 3716 2179 3764; x_wconf 88' lang='lat' dir='ltr'>ex</span> 
     </span>
     <span class='ocr_line' id='line_1_28' title="bbox 276 3819 2178 3918; baseline 0.002 -29"><span class='ocrx_word' id='word_1_299' title='bbox 276 3842 354 3913; x_wconf 90' lang='grc'>000</span> <span class='ocrx_word' id='word_1_300' title='bbox 389 3820 601 3916; x_wconf 89' lang='grc'>0011001010</span> <span class='ocrx_word' id='word_1_301' title='bbox 632 3821 806 3918; x_wconf 91' lang='lat' dir='ltr'>exempla</span> <span class='ocrx_word' id='word_1_302' title='bbox 839 3819 1114 3918; x_wconf 89' lang='lat' dir='ltr'>pependerant,</span> <span class='ocrx_word' id='word_1_303' title='bbox 1149 3819 1196 3893; x_wconf 90' lang='lat' dir='ltr'>ad</span> <span class='ocrx_word' id='word_1_304' title='bbox 1229 3821 1384 3894; x_wconf 88' lang='lat' dir='ltr'>alteram</span> <span class='ocrx_word' id='word_1_305' title='bbox 1422 3821 1629 3894; x_wconf 91' lang='lat' dir='ltr'>eorundem</span> <span class='ocrx_word' id='word_1_306' title='bbox 1665 3845 1851 3892; x_wconf 88' lang='lat' dir='ltr'>annorum</span> <span class='ocrx_word' id='word_1_307' title='bbox 1887 3820 2046 3892; x_wconf 87' lang='lat' dir='ltr'>formam</span> <span class='ocrx_word' id='word_1_308' title='bbox 2083 3845 2178 3917; x_wconf 85' lang='grc'>0000</span> 
     </span>
     <span class='ocr_line' id='line_1_29' title="bbox 278 3947 2178 4049; baseline 0.003 -34"><span class='ocrx_word' id='word_1_309' title='bbox 278 3947 478 4020; x_wconf 89' lang='lat' dir='ltr'>scribentis</span> <span class='ocrx_word' id='word_1_310' title='bbox 503 3961 728 4045; x_wconf 88' lang='lat' dir='ltr'>tempestate</span> <span class='ocrx_word' id='word_1_311' title='bbox 763 3975 831 4021; x_wconf 90' lang='lat' dir='ltr'>usu</span> <span class='ocrx_word' id='word_1_312' title='bbox 855 3962 1007 4046; x_wconf 89' lang='lat' dir='ltr'>recepta</span> <span class='ocrx_word' id='word_1_313' title='bbox 1033 3962 1125 4040; x_wconf 90' lang='lat' dir='ltr'>erat,</span> <span class='ocrx_word' id='word_1_314' title='bbox 1151 3950 1464 4049; x_wconf 87' lang='lat' dir='ltr'>traduceretur.*)</span> <span class='ocrx_word' id='word_1_315' title='bbox 1498 3947 1691 4023; x_wconf 89' lang='lat' dir='ltr'>Ponamus</span> <span class='ocrx_word' id='word_1_316' title='bbox 1709 3950 1814 4022; x_wconf 88' lang='lat' dir='ltr'>verbi</span> <span class='ocrx_word' id='word_1_317' title='bbox 1836 3976 1949 4021; x_wconf 89' lang='lat' dir='ltr'>eausa</span> <span class='ocrx_word' id='word_1_318' title='bbox 1966 3950 2178 4044; x_wconf 87' lang='lat' dir='ltr'>antiquiora</span> 
     </span>
     <span class='ocr_line' id='line_1_30' title="bbox 277 4074 2177 4172; baseline 0.003 -27"><span class='ocrx_word' id='word_1_319' title='bbox 277 4076 510 4172; x_wconf 77' lang='lat' dir='ltr'>exemplaria</span> <span class='ocrx_word' id='word_1_320' title='bbox 549 4074 703 4149; x_wconf 87' lang='lat' dir='ltr'>Catonis</span> <span class='ocrx_word' id='word_1_321' title='bbox 743 4078 779 4147; x_wconf 91' lang='lat' dir='ltr'>in</span> <span class='ocrx_word' id='word_1_322' title='bbox 821 4078 928 4150; x_wconf 91' lang='lat' dir='ltr'>annis</span> <span class='ocrx_word' id='word_1_323' title='bbox 972 4078 1019 4150; x_wconf 90' lang='lat' dir='ltr'>ab</span> <span class='ocrx_word' id='word_1_324' title='bbox 1062 4079 1153 4150; x_wconf 88' lang='lat' dir='ltr'>urbe</span> <span class='ocrx_word' id='word_1_325' title='bbox 1191 4078 1344 4152; x_wconf 88' lang='lat' dir='ltr'>condita</span> <span class='ocrx_word' id='word_1_326' title='bbox 1381 4079 1626 4151; x_wconf 90' lang='lat' dir='ltr'>numerandis</span> <span class='ocrx_word' id='word_1_327' title='bbox 1666 4078 1877 4151; x_wconf 90' lang='lat' dir='ltr'>institutum</span> <span class='ocrx_word' id='word_1_328' title='bbox 1914 4093 2042 4150; x_wconf 86' lang='lat' dir='ltr'>secuta</span> <span class='ocrx_word' id='word_1_329' title='bbox 2078 4103 2177 4151; x_wconf 89' lang='lat' dir='ltr'>esse:</span> 
     </span>
     <span class='ocr_line' id='line_1_31' title="bbox 277 4202 2176 4302; baseline 0.004 -32"><span class='ocrx_word' id='word_1_330' title='bbox 277 4202 471 4275; x_wconf 82' lang='lat' dir='ltr'>biennium</span> <span class='ocrx_word' id='word_1_331' title='bbox 500 4204 764 4302; x_wconf 89' lang='lat' dir='ltr'>complementi</span> <span class='ocrx_word' id='word_1_332' title='bbox 792 4205 908 4278; x_wconf 90' lang='lat' dir='ltr'>instar</span> <span class='ocrx_word' id='word_1_333' title='bbox 936 4207 1178 4279; x_wconf 91' lang='lat' dir='ltr'>inserendum</span> <span class='ocrx_word' id='word_1_334' title='bbox 1205 4220 1297 4295; x_wconf 89' lang='lat' dir='ltr'>erat,</span> <span class='ocrx_word' id='word_1_335' title='bbox 1321 4222 1360 4280; x_wconf 94' lang='lat' dir='ltr'>ut</span> <span class='ocrx_word' id='word_1_336' title='bbox 1388 4208 1435 4280; x_wconf 89' lang='lat' dir='ltr'>ad</span> <span class='ocrx_word' id='word_1_337' title='bbox 1463 4234 1584 4281; x_wconf 89' lang='lat' dir='ltr'>annos</span> <span class='ocrx_word' id='word_1_338' title='bbox 1611 4208 1715 4280; x_wconf 89' lang='lat' dir='ltr'>urbis</span> <span class='ocrx_word' id='word_1_339' title='bbox 1736 4206 1992 4279; x_wconf 86' lang='lat' dir='ltr'>Varronianos</span> <span class='ocrx_word' id='word_1_340' title='bbox 2021 4207 2083 4302; x_wconf 90' lang='grc' dir='ltr'>0οἱ</span> <span class='ocrx_word' id='word_1_341' title='bbox 2110 4207 2176 4278; x_wconf 89' lang='lat' dir='ltr'>irn-</span> 
     </span>
     <span class='ocr_line' id='line_1_32' title="bbox 277 4333 2175 4433; baseline 0.003 -31"><span class='ocrx_word' id='word_1_342' title='bbox 277 4343 495 4426; x_wconf 88' lang='lat' dir='ltr'>peratorum</span> <span class='ocrx_word' id='word_1_343' title='bbox 522 4333 757 4430; x_wconf 91' lang='lat' dir='ltr'>temporibus</span> <span class='ocrx_word' id='word_1_344' title='bbox 785 4333 821 4405; x_wconf 89' lang='lat' dir='ltr'>in</span> <span class='ocrx_word' id='word_1_345' title='bbox 848 4358 956 4407; x_wconf 92' lang='lat' dir='ltr'>usum</span> <span class='ocrx_word' id='word_1_346' title='bbox 990 4347 1186 4425; x_wconf 89' lang='lat' dir='ltr'>venerant,</span> <span class='ocrx_word' id='word_1_347' title='bbox 1219 4337 1401 4410; x_wconf 87' lang='lat' dir='ltr'>transitus</span> <span class='ocrx_word' id='word_1_348' title='bbox 1434 4338 1563 4429; x_wconf 82' lang='lat' dir='ltr'>lieret3</span> <span class='ocrx_word' id='word_1_349' title='bbox 1599 4337 1669 4408; x_wconf 90' lang='lat' dir='ltr'>nisi</span> <span class='ocrx_word' id='word_1_350' title='bbox 1703 4338 1800 4407; x_wconf 84' lang='lat' dir='ltr'>forte</span> <span class='ocrx_word' id='word_1_351' title='bbox 1837 4336 1979 4409; x_wconf 88' lang='lat' dir='ltr'>libebat</span> <span class='ocrx_word' id='word_1_352' title='bbox 2010 4336 2175 4433; x_wconf 90' lang='lat' dir='ltr'>priorum</span> 
     </span>
     <span class='ocr_line' id='line_1_33' title="bbox 275 4460 2176 4562; baseline 0.003 -30"><span class='ocrx_word' id='word_1_353' title='bbox 275 4460 435 4533; x_wconf 88' lang='lat' dir='ltr'>annales</span> <span class='ocrx_word' id='word_1_354' title='bbox 461 4473 564 4533; x_wconf 91' lang='lat' dir='ltr'>totos</span> <span class='ocrx_word' id='word_1_355' title='bbox 591 4461 807 4535; x_wconf 87' lang='lat' dir='ltr'>rescribere.</span> <span class='ocrx_word' id='word_1_356' title='bbox 860 4460 942 4534; x_wconf 90' lang='lat' dir='ltr'>Hoc</span> <span class='ocrx_word' id='word_1_357' title='bbox 970 4463 1119 4559; x_wconf 90' lang='lat' dir='ltr'>quidem</span> <span class='ocrx_word' id='word_1_358' title='bbox 1149 4465 1236 4561; x_wconf 92' lang='grc'>0010</span> <span class='ocrx_word' id='word_1_359' title='bbox 1266 4489 1314 4537; x_wconf 89' lang='lat' dir='ltr'>ex</span> <span class='ocrx_word' id='word_1_360' title='bbox 1344 4466 1434 4537; x_wconf 88' lang='lat' dir='ltr'>artis</span> <span class='ocrx_word' id='word_1_361' title='bbox 1468 4464 1615 4562; x_wconf 85' lang='lat' dir='ltr'>legibus</span> <span class='ocrx_word' id='word_1_362' title='bbox 1638 4464 1748 4537; x_wconf 88' lang='lat' dir='ltr'>unice</span> <span class='ocrx_word' id='word_1_363' title='bbox 1775 4464 1897 4557; x_wconf 88' lang='lat' dir='ltr'>liceat,</span> <span class='ocrx_word' id='word_1_364' title='bbox 1925 4464 2037 4537; x_wconf 87' lang='lat' dir='ltr'>hodie</span> <span class='ocrx_word' id='word_1_365' title='bbox 2064 4490 2176 4537; x_wconf 90' lang='lat' dir='ltr'>nemo</span> 
     </span>
     <span class='ocr_line' id='line_1_34' title="bbox 274 4588 2174 4690; baseline 0.004 -31"><span class='ocrx_word' id='word_1_366' title='bbox 274 4588 441 4676; x_wconf 80' lang='lat' dir='ltr'>‹lubitat3</span> <span class='ocrx_word' id='word_1_367' title='bbox 476 4588 542 4662; x_wconf 87' lang='lat' dir='ltr'>sed</span> <span class='ocrx_word' id='word_1_368' title='bbox 570 4590 779 4664; x_wconf 88' lang='lat' dir='ltr'>cavendum</span> <span class='ocrx_word' id='word_1_369' title='bbox 808 4604 949 4681; x_wconf 82' lang='grc' dir='ltr'>001,οε</span> <span class='ocrx_word' id='word_1_370' title='bbox 978 4617 1087 4689; x_wconf 85' lang='lat' dir='ltr'>quem</span> <span class='ocrx_word' id='word_1_371' title='bbox 1116 4592 1235 4689; x_wconf 88' lang='lat' dir='ltr'>fugiat</span> <span class='ocrx_word' id='word_1_372' title='bbox 1261 4618 1331 4665; x_wconf 89' lang='lat' dir='ltr'>nec</span> <span class='ocrx_word' id='word_1_373' title='bbox 1359 4594 1628 4690; x_wconf 88' lang='lat' dir='ltr'>imperatorum</span> <span class='ocrx_word' id='word_1_374' title='bbox 1656 4607 1882 4689; x_wconf 86' lang='lat' dir='ltr'>tempestate</span> <span class='ocrx_word' id='word_1_375' title='bbox 1917 4594 2031 4665; x_wconf 91' lang='lat' dir='ltr'>ullum</span> <span class='ocrx_word' id='word_1_376' title='bbox 2061 4620 2174 4666; x_wconf 91' lang='lat' dir='ltr'>anno·</span> 
     </span>
     <span class='ocr_line' id='line_1_35' title="bbox 275 4719 2176 4819; baseline 0.003 -33"><span class='ocrx_word' id='word_1_377' title='bbox 275 4741 358 4789; x_wconf 90' lang='lat' dir='ltr'>rum</span> <span class='ocrx_word' id='word_1_378' title='bbox 389 4743 411 4789; x_wconf 94' lang='grc'>0</span> <span class='ocrx_word' id='word_1_379' title='bbox 437 4719 641 4792; x_wconf 91' lang='lat' dir='ltr'>remotiore</span> <span class='ocrx_word' id='word_1_380' title='bbox 669 4720 775 4791; x_wconf 91' lang='lat' dir='ltr'>initio</span> <span class='ocrx_word' id='word_1_381' title='bbox 803 4722 982 4793; x_wconf 88' lang='lat' dir='ltr'>continuo</span> <span class='ocrx_word' id='word_1_382' title='bbox 1009 4735 1292 4795; x_wconf 90' lang='lat' dir='ltr'>numeratorum</span> <span class='ocrx_word' id='word_1_383' title='bbox 1321 4722 1492 4794; x_wconf 88' lang='lat' dir='ltr'>ordinem</span> <span class='ocrx_word' id='word_1_384' title='bbox 1521 4722 1635 4819; x_wconf 85' lang='lat' dir='ltr'>vulgo</span> <span class='ocrx_word' id='word_1_385' title='bbox 1665 4736 1856 4819; x_wconf 89' lang='lat' dir='ltr'>receptum</span> <span class='ocrx_word' id='word_1_386' title='bbox 1887 4746 1980 4810; x_wconf 90' lang='lat' dir='ltr'>esse,</span> <span class='ocrx_word' id='word_1_387' title='bbox 2008 4747 2077 4793; x_wconf 88' lang='lat' dir='ltr'>nec</span> <span class='ocrx_word' id='word_1_388' title='bbox 2105 4722 2176 4794; x_wconf 91' lang='lat' dir='ltr'>nisi</span> 
     </span>
     <span class='ocr_line' id='line_1_36' title="bbox 274 4846 2174 4949; baseline 0.002 -33"><span class='ocrx_word' id='word_1_389' title='bbox 274 4869 325 4917; x_wconf 84' lang='lat' dir='ltr'>ex</span> <span class='ocrx_word' id='word_1_390' title='bbox 344 4846 562 4942; x_wconf 85' lang='lat' dir='ltr'>imperantis</span> <span class='ocrx_word' id='word_1_391' title='bbox 581 4848 759 4945; x_wconf 90' lang='lat' dir='ltr'>cuiusque</span> <span class='ocrx_word' id='word_1_392' title='bbox 778 4850 955 4947; x_wconf 86' lang='lat' dir='ltr'>principis</span> <span class='ocrx_word' id='word_1_393' title='bbox 982 4851 1089 4923; x_wconf 89' lang='lat' dir='ltr'>annis</span> <span class='ocrx_word' id='word_1_394' title='bbox 1107 4863 1281 4947; x_wconf 90' lang='lat' dir='ltr'>tempora</span> <span class='ocrx_word' id='word_1_395' title='bbox 1298 4852 1376 4924; x_wconf 83' lang='lat' dir='ltr'>fere</span> <span class='ocrx_word' id='word_1_396' title='bbox 1396 4864 1596 4949; x_wconf 88' lang='lat' dir='ltr'>supputata</span> <span class='ocrx_word' id='word_1_397' title='bbox 1615 4877 1710 4941; x_wconf 87' lang='lat' dir='ltr'>esse,</span> <span class='ocrx_word' id='word_1_398' title='bbox 1737 4875 1806 4923; x_wconf 89' lang='lat' dir='ltr'>nec</span> <span class='ocrx_word' id='word_1_399' title='bbox 1825 4849 1899 4921; x_wconf 89' lang='lat' dir='ltr'>tale</span> <span class='ocrx_word' id='word_1_400' title='bbox 1919 4863 2174 4922; x_wconf 84' lang='lat' dir='ltr'>commentum</span> 
     </span>
    </p>
   </div>
   <div class='ocr_carea' id='block_1_4' title="bbox 272 5076 2175 5482">
    <p class='ocr_par' dir='ltr' id='par_1_5' title="bbox 272 5076 2175 5482">
     <span class='ocr_line' id='line_1_37' title="bbox 444 5076 2173 5167; baseline 0.002 -27"><span class='ocrx_word' id='word_1_401' title='bbox 444 5076 476 5163; x_wconf 72' lang='lat'>¹¹⁵)</span> <span class='ocrx_word' id='word_1_402' title='bbox 500 5076 576 5141; x_wconf 87' lang='lat' dir='ltr'>l’ari</span> <span class='ocrx_word' id='word_1_403' title='bbox 600 5093 781 5143; x_wconf 87' lang='lat' dir='ltr'>commento</span> <span class='ocrx_word' id='word_1_404' title='bbox 803 5102 883 5144; x_wconf 88' lang='lat' dir='ltr'>usus</span> <span class='ocrx_word' id='word_1_405' title='bbox 904 5078 1112 5167; x_wconf 75' lang='lat' dir='ltr'>Nicephorus</span> <span class='ocrx_word' id='word_1_406' title='bbox 1138 5080 1295 5146; x_wconf 87' lang='lat' dir='ltr'>Callistus</span> <span class='ocrx_word' id='word_1_407' title='bbox 1317 5085 1350 5145; x_wconf 93' lang='lat' dir='ltr'>in</span> <span class='ocrx_word' id='word_1_408' title='bbox 1379 5081 1526 5145; x_wconf 85' lang='lat' dir='ltr'>Historia</span> <span class='ocrx_word' id='word_1_409' title='bbox 1548 5081 1762 5145; x_wconf 85' lang='lat' dir='ltr'>ecclesiastica</span> <span class='ocrx_word' id='word_1_410' title='bbox 1784 5082 1870 5144; x_wconf 88' lang='lat' dir='ltr'>inter</span> <span class='ocrx_word' id='word_1_411' title='bbox 1898 5079 2173 5144; x_wconf 81' lang='lat' dir='ltr'>undevicesimum</span> 
     </span>
     <span class='ocr_line' id='line_1_38' title="bbox 281 5177 2173 5271; baseline 0.004 -31"><span class='ocrx_word' id='word_1_412' title='bbox 281 5177 406 5242; x_wconf 81' lang='lat' dir='ltr'>Tiberii</span> <span class='ocrx_word' id='word_1_413' title='bbox 427 5194 460 5244; x_wconf 87' lang='lat' dir='ltr'>et</span> <span class='ocrx_word' id='word_1_414' title='bbox 482 5182 631 5246; x_wconf 90' lang='lat' dir='ltr'>ultimum</span> <span class='ocrx_word' id='word_1_415' title='bbox 656 5181 772 5247; x_wconf 88' lang='lat' dir='ltr'>Iustini</span> <span class='ocrx_word' id='word_1_416' title='bbox 796 5183 841 5252; x_wconf 89' lang='lat'>11.</span> <span class='ocrx_word' id='word_1_417' title='bbox 865 5207 985 5249; x_wconf 89' lang='lat' dir='ltr'>annum</span> <span class='ocrx_word' id='word_1_418' title='bbox 1007 5186 1269 5269; x_wconf 87' lang='lat' dir='ltr'>quattuordecim</span> <span class='ocrx_word' id='word_1_419' title='bbox 1290 5208 1390 5250; x_wconf 85' lang='lat' dir='ltr'>annos</span> <span class='ocrx_word' id='word_1_420' title='bbox 1407 5188 1527 5250; x_wconf 89' lang='lat' dir='ltr'>sensim</span> <span class='ocrx_word' id='word_1_421' title='bbox 1544 5185 1761 5271; x_wconf 84' lang='lat' dir='ltr'>interpolavit,</span> <span class='ocrx_word' id='word_1_422' title='bbox 1784 5187 1967 5267; x_wconf 79' lang='lat' dir='ltr'>transitum,</span> <span class='ocrx_word' id='word_1_423' title='bbox 1990 5198 2025 5247; x_wconf 90' lang='lat' dir='ltr'>ut</span> <span class='ocrx_word' id='word_1_424' title='bbox 2047 5185 2173 5269; x_wconf 88' lang='lat' dir='ltr'>opinor,</span> 
     </span>
     <span class='ocr_line' id='line_1_39' title="bbox 272 5282 2175 5375; baseline 0.005 -31"><span class='ocrx_word' id='word_1_425' title='bbox 272 5282 315 5344; x_wconf 83' lang='lat' dir='ltr'>ab</span> <span class='ocrx_word' id='word_1_426' title='bbox 338 5283 433 5346; x_wconf 85' lang='lat' dir='ltr'>annis</span> <span class='ocrx_word' id='word_1_427' title='bbox 454 5284 495 5347; x_wconf 86' lang='lat' dir='ltr'>ab</span> <span class='ocrx_word' id='word_1_428' title='bbox 515 5286 593 5350; x_wconf 90' lang='lat' dir='ltr'>orbe</span> <span class='ocrx_word' id='word_1_429' title='bbox 613 5288 743 5352; x_wconf 90' lang='lat' dir='ltr'>condito</span> <span class='ocrx_word' id='word_1_430' title='bbox 765 5288 997 5353; x_wconf 84' lang='lat' dir='ltr'>Alexandrinis</span> <span class='ocrx_word' id='word_1_431' title='bbox 1020 5290 1061 5353; x_wconf 89' lang='lat' dir='ltr'>ad</span> <span class='ocrx_word' id='word_1_432' title='bbox 1095 5311 1196 5353; x_wconf 87' lang='lat' dir='ltr'>annos</span> <span class='ocrx_word' id='word_1_433' title='bbox 1218 5286 1591 5375; x_wconf 78' lang='lat' dir='ltr'>constantinopolitanos</span> <span class='ocrx_word' id='word_1_434' title='bbox 1621 5290 1869 5355; x_wconf 83' lang='lat' dir='ltr'>conciliaturus:</span> <span class='ocrx_word' id='word_1_435' title='bbox 1899 5290 1984 5372; x_wconf 89' lang='grc'>00011</span> <span class='ocrx_word' id='word_1_436' title='bbox 2013 5290 2175 5373; x_wconf 86' lang='lat' dir='ltr'>quomodo</span> 
     </span>
     <span class='ocr_line' id='line_1_40' title="bbox 280 5386 2066 5482; baseline 0.004 -32"><span class='ocrx_word' id='word_1_437' title='bbox 280 5387 436 5465; x_wconf 75' lang='lat' dir='ltr'>effecerit,</span> <span class='ocrx_word' id='word_1_438' title='bbox 458 5386 691 5474; x_wconf 78' lang='lat' dir='ltr'>diagrammate</span> <span class='ocrx_word' id='word_1_439' title='bbox 716 5394 750 5455; x_wconf 92' lang='lat' dir='ltr'>in</span> <span class='ocrx_word' id='word_1_440' title='bbox 773 5392 879 5457; x_wconf 79' lang='lat' dir='ltr'>Fastis</span> <span class='ocrx_word' id='word_1_441' title='bbox 901 5392 1055 5459; x_wconf 82' lang='lat' dir='ltr'>Romanis</span> <span class='ocrx_word' id='word_1_442' title='bbox 1077 5392 1123 5473; x_wconf 89' lang='grc' dir='ltr'>ΙΙ,</span> <span class='ocrx_word' id='word_1_443' title='bbox 1149 5394 1209 5460; x_wconf 85' lang='grc'>149</span> <span class='ocrx_word' id='word_1_444' title='bbox 1228 5395 1375 5479; x_wconf 78' lang='lat' dir='ltr'>exposito</span> <span class='ocrx_word' id='word_1_445' title='bbox 1395 5394 1560 5460; x_wconf 85' lang='lat' dir='ltr'>Hearicus</span> <span class='ocrx_word' id='word_1_446' title='bbox 1582 5396 1692 5482; x_wconf 79' lang='lat' dir='ltr'>Pynes</span> <span class='ocrx_word' id='word_1_447' title='bbox 1715 5392 1845 5459; x_wconf 91' lang='lat' dir='ltr'>Clinton</span> <span class='ocrx_word' id='word_1_448' title='bbox 1867 5394 2066 5459; x_wconf 84' lang='lat' dir='ltr'>dilucidavit.</span> 
     </span>
    </p>
   </div>
   <div class='ocr_carea' id='block_1_5' title="bbox 0 0 2434 5970">
    <p class='ocr_par' dir='ltr' id='par_1_6' title="bbox 0 0 2434 5970">
     <span class='ocr_line' id='line_1_41' title="bbox 0 0 2434 5970; baseline 0 3"><span class='ocrx_word' id='word_1_449' title='bbox 0 0 2434 5970; x_wconf 95' lang='lat' dir='ltr'> </span> 
     </span>
    </p>
   </div>
  </div>
 </body>
</html>
