4846 5976
1343 264 1390 325 lo

570 480 756 557 Eusebius
789 481 885 555 duos
918 482 1188 578 imperatorum
1223 482 1368 558 indices
1409 484 1562 557 videtur
1595 484 1785 575 habuisse,
1820 485 1978 559 alterum
2019 486 2176 584 integris
2209 491 2318 561 annis

411 611 599 710 digestum
626 637 737 708 quem
764 636 834 710 pro
861 609 1109 684 fundamento
1129 613 1265 708 posuit,
1293 614 1452 686 alterum
1481 613 1654 685 subtilius
1674 625 1847 710 tempora
1867 626 2082 687 enotantem
2112 615 2217 688 cuius
2245 641 2317 714 ope

409 740 575 836 priorem
602 765 726 837 saepe,
760 764 987 837 quamquam
1019 765 1097 813 non
1133 766 1283 838 semper
1319 756 1439 833 recte,
1474 741 1674 837 supplevit.
1733 739 1989 840 Hieronymus
2017 744 2139 817 indice
2168 744 2215 816 ab
2244 745 2318 818 hoc

407 868 559 942 diverso
589 869 650 965 qui
682 880 855 966 tempora
888 868 1159 965 imperatorum
1200 868 1406 943 secundum
1440 894 1561 942 annos
1593 893 1746 941 menses
1781 867 1862 942 dies
1896 885 2051 943 exarata
2078 871 2200 962 dedit,
2228 898 2317 949 usus

410 1009 481 1088 est,
500 1011 542 1069 ut
559 1021 738 1070 numeros
756 995 912 1070 Eusebii
938 997 1121 1070 curiosius
1141 998 1476 1089 circumscriberet,
1502 1022 1572 1070 nec
1599 1022 1685 1070 raro
1706 996 1866 1070 eundem
1894 1001 2069 1071 correxit
2100 998 2135 1072 ls
2163 1002 2225 1096 qui
2250 1028 2319 1099 pro

412 1124 661 1198 fundamento
690 1137 757 1216 est,
784 1125 987 1198 laterculus
1006 1123 1254 1218 Eusebianus,
1281 1127 1451 1225 integros
1477 1127 1540 1198 ille
1568 1151 1688 1200 anuos
1707 1127 1855 1217 sistens,
1882 1151 1967 1197 cum
1986 1150 2078 1198 vera
2102 1139 2316 1227 temporum

407 1254 555 1326 ratione
582 1252 716 1327 'exacte
744 1253 928 1347 congruit,
956 1253 1162 1327 dummodo
1190 1278 1317 1328 sumas
1340 1255 1379 1327 in
1406 1280 1453 1329 eo
1483 1280 1603 1328 annos
1631 1255 1678 1327 ab
1698 1254 1904 1328 autumnali
1924 1255 2161 1351 aequinoctio
2188 1283 2317 1332 nume·

407 1385 497 1453 rari:
525 1381 563 1454 id
592 1381 691 1479 quod
720 1370 998 1454 Antiochenam
1025 1381 1162 1455 indicis
1187 1383 1370 1481 originem
1393 1382 1641 1457 demonstrat.
1677 1381 1801 1456 Unum
1830 1383 2091 1481 excipiendum
2119 1398 2188 1477 est,
2216 1387 2317 1484 quod

408 1508 559 1584 Nervae
586 1510 784 1607 imperium
805 1535 827 1581 a
844 1511 966 1608 primo
986 1508 1046 1584 die
1067 1512 1279 1608 incipientis
1298 1513 1387 1584 anni
1406 1508 1550 1585 CXLV.
1576 1512 1900 1585 Antiochenorum
1920 1537 1986 1584 seu
2006 1512 2065 1583 die
2084 1515 2118 1583 1.
2138 1510 2315 1590 Octobris

406 1641 454 1712 96
476 1665 510 1736 p.
526 1638 565 1711 C.
585 1650 833 1735 computatur,
859 1639 949 1711 licet
964 1636 1092 1712 Nerva
1110 1640 1183 1711 iam
1212 1640 1272 1712 die
1292 1642 1352 1714 18.
1371 1639 1605 1738 Septembris
1623 1644 1673 1713 96
1692 1642 1895 1737 imperator
1913 1642 2034 1712 factus
2059 1641 2124 1730 sit;
2144 1642 2210 1714 sed
2229 1669 2314 1716 cum

407 1768 561 1865 gemino
589 1780 747 1864 peceato
773 1765 921 1842 Nervae
948 1767 1145 1864 imperium
1183 1768 1316 1842 annil
1350 1771 1537 1842 mensium
1565 1768 1618 1842 lll
1659 1793 1855 1866 perperam
1894 1769 2010 1841 fuisse
2046 1768 2199 1860 dicatur,
2234 1774 2314 1844 veri

408 1897 529 1969 simile
558 1908 615 1968 est
642 1907 806 1968 erratum
835 1921 854 1968 e
882 1893 1028 1970 Graeco
1056 1897 1160 1970 fonte
1187 1923 1361 1971 manasse
1388 1911 1427 1970 et
1454 1898 1554 1970 diem
1587 1896 1688 1973 Xllll.
1713 1894 1872 1968 Kalend.
1900 1894 2088 1969 Octobres
2115 1899 2309 1972 confusum

407 2049 492 2098 esse
522 2050 607 2098 cum
634 2024 693 2096 die
721 2023 781 2095 14.
810 2021 1046 2117 Octobris.*)
1098 2024 1158 2097 Ad
1196 2003 1316 2099 annos
1347 2026 1611 2099 Antiochenos
1636 2050 1817 2098 numeros
1851 2038 2006 2098 exactos
2043 2050 2125 2097 esse
2161 2027 2234 2097 alia
2265 2028 2311 2099 ab

406 2151 573 2226 Eusebio
599 2165 722 2226 errata
747 2164 851 2226 recta
877 2153 939 2225 via
967 2154 1227 2250 comprobant.
1287 2154 1331 2227 ln
1365 2154 1462 2227 serie
1496 2154 1765 2250 imperatorum
1805 2154 1865 2225 cui
1902 2151 2088 2226 Eusebius
2125 2152 2317 2227 Cononem

411 2282 676 2378 superstruxit,
704 2306 788 2354 cum
808 2282 969 2378 Augusti
998 2282 1197 2379 imperium
1216 2283 1264 2355 ab
1284 2308 1384 2356 anno
1414 2282 1477 2381 qui
1505 2296 1562 2356 cst
1588 2308 1610 2354 a
1628 2282 1661 2356 d.
1679 2285 1713 2355 1.
1732 2280 2031 2387 Hyp'erberetaei
2056 2282 2106 2353 44
2126 2281 2171 2353 ad
2200 2282 2234 2356 d.
2254 2283 2313 2354 30-

408 2409 589 2507 Oorpiaei
621 2410 672 2480 43
708 2435 740 2481 a,
768 2407 823 2499 0,
857 2424 1139 2502 numeraretur,
1172 2411 1271 2509 quod
1308 2437 1354 2484 eo
1388 2423 1566 2486 vertente
1601 2411 1660 2483 die
1694 2412 1754 2484 19.
1788 2410 1951 2507 Augusti
1988 2411 2037 2481 43
2075 2411 2311 2483 consulatum

406 2539 563 2636 adeptus
608 2552 646 2611 et
683 2563 752 2635 per
788 2538 1026 2611 consulatum
1065 2564 1192 2612 rerum
1237 2540 1380 2636 potitus
1426 2524 1499 2632 est,
1538 2538 1725 2612 Eusebius
1765 2563 1885 2610 annos
1924 2536 2008 2609 LVl
2055 2553 2144 2636 quot
2189 2538 2311 2610 eidem

409 2669 619 2741 rectissime
662 2665 839 2764 adscripti
877 2680 976 2759 sunt,
1016 2692 1065 2740 ex
1093 2668 1211 2740 altero
1239 2670 1300 2766 qui
1325 2682 1478 2765 praesto
1514 2681 1605 2759 erat,
1640 2667 1763 2739 indice
1803 2668 1866 2763 qui
1899 2666 1945 2737 ab
1981 2665 2182 2763 adoptione
2220 2679 2309 2764 post

407 2794 580 2869 Caesaris
624 2811 783 2868 mortem
832 2794 893 2867 die
935 2797 994 2869 19.
1045 2807 1111 2868 aut
1160 2797 1218 2868 20.
1262 2795 1385 2869 Martii
1421 2797 1473 2868 44
1513 2822 1544 2869 a.
1581 2794 1619 2870 C.
1659 2797 1760 2868 facta
1801 2796 1962 2887 Augusti
2004 2794 2311 2868 dominationem

407 2925 683 3022 auspicabatur,
716 2924 890 2997 subtilius
927 2923 1165 2998 definiendus
1198 2950 1281 2999 esse
1313 2938 1417 2998 ratus
1443 2927 1482 2997 in
1519 2950 1564 2998 ca
1596 2950 1637 2997 re
1665 2923 1760 2997 adeo
1788 2925 1881 2996 mire
1910 2922 2038 3019 lapsus
2066 2936 2133 3018 est,
2161 2937 2202 2994 ut
2229 2948 2313 2995 eam

326 3044 331 3053 ’
409 3078 595 3126 annorum
623 3053 893 3150 quinquaginta
928 3077 997 3126 sex
1033 3036 1281 3126 etdimidiati
1309 3054 1424 3126 fuisse
1460 3052 1603 3125 diceret
1636 3078 1704 3150 pro
1733 3053 1841 3125 annis
1870 3051 2141 3147 quinquaginta
2167 3065 2309 3148 septem
2349 3034 2352 3041 ’

407 3197 446 3257 et
498 3182 700 3256 dimidiato,
777 3180 888 3270 Quod
941 3181 1208 3255 detrimentum
1258 3196 1392 3280 postea
1445 3181 1602 3257 Claudio
1655 3182 1763 3253 annis
1816 3177 1922 3252 Xllll
1976 3180 2170 3252 mensibus
2223 3177 2331 3251 Vlll¹

407 3338 474 3408 pro
529 3312 636 3382 annis
671 3308 760 3382 Xlll
813 3311 1007 3384 mensibus
1053 3309 1143 3382 Vlll
1197 3313 1386 3386 concessis
1440 3323 1724 3408 compensatum
1756 3321 1847 3388 ,est
1925 3307 2015 3380 Inde
2071 3332 2154 3379 cum
2208 3318 2309 3406 quot·

355 3502 365 3513 ,
407 3453 500 3538 quot
530 3443 715 3513 intersunt
742 3440 899 3536 imperia
924 3441 1023 3520 inter
1053 3442 1266 3537 Augustum
1296 3453 1333 3513 et
1360 3438 1570 3530 Claudium,
1597 3464 1673 3512 uno
1702 3463 1801 3509 anno
1836 3437 1939 3534 prius
1975 3462 2087 3533 quam
2123 3435 2315 3508 debebant

408 3569 697 3659 collocarentur,
723 3569 826 3664 prius
854 3568 1033 3641 mendum
1061 3595 1165 3642 novo
1192 3569 1331 3641 mendo
1360 3570 1564 3642 commisso
1603 3570 1641 3641 in
1668 3565 1763 3642 Gaio
1800 3578 2045 3638 extenuatum
2074 3577 2130 3636 est
2156 3565 2212 3634 cui
2241 3587 2310 3659 pro

408 3699 518 3770 annis
545 3696 595 3770 lll
626 3697 820 3769 mensibus
846 3694 882 3769 X
908 3710 1054 3769 tantum
1092 3699 1181 3771 anni
1208 3697 1259 3770 llI
1287 3724 1438 3771 menses
1466 3697 1537 3771 llll
1571 3697 1649 3769 dati
1676 3707 1771 3769 sunt.
1823 3693 1927 3766 Haec
1960 3693 2086 3765 omnia
2111 3690 2312 3762 insolentia

409 3842 499 3900 sunt
536 3840 573 3898 et
608 3844 767 3923 possunt
802 3824 923 3897 videri
954 3824 1001 3897 ad
1028 3825 1223 3898 libidinem
1258 3852 1341 3898 esse
1376 3826 1608 3924 excogitata3
1648 3826 1803 3898 simulac
1845 3847 1937 3895 vero
1971 3820 2008 3892 in
2043 3844 2227 3891 canonem
2262 3816 2312 3889 ad

410 3955 738 4029 Antiochenorum
775 3979 961 4026 annorum
989 3979 1162 4026 normam
1198 3955 1413 4028 confectum
1453 3956 1584 4028 oculos
1612 3951 1837 4042 conieceris,
1874 3949 2000 4021 omnia
2035 3950 2147 4045 plana
2182 3962 2310 4019 erunt:

408 4082 595 4157 Eusebius
624 4085 735 4173 enim,
762 4083 799 4154 in
829 4082 949 4155 altero
976 4082 1041 4155 illo
1069 4083 1170 4179 quod
1203 4084 1379 4174 excussit,
1407 4084 1615 4181 exemplari
1647 4107 1731 4154 cum
1759 4080 1933 4154 subtilius
1959 4090 2106 4174 tempus
2134 4076 2334 4148 constitu·‘

410 4228 493 4285 tum
520 4238 598 4285 nou
625 4212 806 4309 reperiret
833 4212 905 4283 nisi
933 4211 1092 4284 duarum
1122 4237 1260 4304 rerum,
1292 4212 1442 4309 quando
1463 4214 1657 4311 Augustus
1676 4211 1925 4308 principatum
1943 4207 2089 4279 iniisset
2107 4217 2143 4278 et
2162 4203 2313 4302 quando

408 4339 525 4415 Gaius
560 4343 705 4416 occisus
741 4354 857 4433 esset,
894 4340 963 4414 has
990 4341 1085 4414 duas
1113 4355 1325 4438 temporum
1352 4354 1464 4415 notas
1499 4367 1583 4413 cum
1620 4340 1772 4413 alterius
1800 4336 2025 4432 exemplaris
2060 4349 2191 4407 tenore
2225 4359 2314 4406 con·

408 4470 531 4543 iunxit
557 4471 600 4562 in
632 4495 706 4566 quo
743 4468 1037 4566 unumquodque
1075 4470 1272 4566 imperium
1299 4496 1321 4542 a
1347 4469 1407 4543 die
1435 4472 1469 4542 1.
1498 4468 1676 4543 Octobris
1704 4493 1749 4539 eo
1776 4465 2047 4539 numerabatur
2083 4465 2144 4561 qui
2180 4487 2314 4535 verum

408 4601 554 4697 imperii
582 4600 728 4672 initium
757 4599 970 4701 praecessit.
1025 4598 1145 4670 Simili
1172 4613 1369 4672 accuratae
1397 4600 1688 4696 computationis
1718 4613 1754 4670 et
1775 4595 1895 4668 obiter
1913 4592 2106 4665 institutae
2134 4592 2316 4662 contami·

408 4729 561 4801 natione
588 4753 720 4824 parum
748 4727 931 4800 iudiciosa
959 4728 1133 4800 effectum
1161 4727 1311 4801 videtur
1339 4753 1432 4820 esse,
1460 4743 1501 4801 ut
1528 4727 1626 4825 apud
1646 4727 1919 4819 Hieronymum
1941 4721 2084 4794 Claudii
2113 4720 2314 4816 imperium

580 5071 612 5156 '‘³‘)
636 5071 741 5135 Simili
777 5070 870 5135 modo
901 5073 1013 5157 lapsus
1040 5085 1089 5136 est
1122 5071 1281 5158 Iosephus
1312 5072 1537 5153 (B.1.11,9‚
1563 5074 1590 5136 l.
1616 5069 1649 5156 5)
1678 5091 1791 5154 quem,
1817 5089 1892 5131 cum
1924 5065 2080 5150 Augusto
2106 5087 2180 5129 ann.
2213 5063 2316 5128 LVll

412 5197 516 5240 mens.
536 5175 584 5239 Vl
605 5177 637 5241 d.
656 5174 702 5252 ΙΙ,
725 5175 855 5239 Tiberio
878 5199 952 5241 ann.
969 5176 1082 5241 XXII
1105 5199 1208 5242 mens.
1228 5177 1278 5242 Vl
1303 5178 1336 5241 d.
1350 5177 1407 5242 ΙΙΙ
1428 5177 1558 5253 tribuat,
1584 5175 1729 5260 Augusti
1744 5186 1881 5237 mortem
1906 5173 1944 5235 in
1967 5172 2020 5234 die
2044 5173 2094 5235 14.
2113 5168 2316 5255 Septembris

411 5284 452 5347 14
472 5304 503 5366 p.
520 5279 558 5348 C.
581 5281 691 5345 fixisse
706 5281 914 5345 manifestum
937 5296 1003 5346 est:
1027 5283 1179 5347 nimirum
1202 5285 1236 5346 in
1261 5282 1486 5347 transferendo
1507 5303 1546 5346 co
1567 5281 1655 5366 quod
1678 5290 1748 5343 erat
1761 5277 1882 5343 XIIII.
1900 5275 1976 5341 Kal.
1992 5273 2208 5360 Septembres,
2231 5295 2316 5358 vap-

391 5409 485 5474 ,pam
509 5388 661 5451 memoria
682 5385 806 5450 fefellit.
